3117 5042
616 643 660 656 -
683 601 725 672 ll
748 643 803 666 -.

193 771 407 864 viderentur,
431 773 625 872 inutraque
638 781 754 849 tamen
773 795 900 871 magna
920 773 1000 849 satis
1027 787 1207 874 supererat

195 906 355 983 materies
392 906 435 982 ad
458 909 512 982 rel
539 907 728 984 seeundum
764 908 899 982 librum·
925 908 971 983 ab
1005 909 1078 1006 ipso
1105 919 1207 1007 poeta

193 1033 428 1117 conflandum.
997 1059 1003 1068 ’

241 1176 326 1250 Duae
352 1175 418 1249 illae
449 1176 656 1273 quaestioues
684 1176 782 1252 facile
809 1176 1051 1274 expedientur,
1078 1179 1105 1252 si
1128 1201 1208 1277 per-

194 1309 408 1406 spexerimus
429 1310 605 1407 quomodo
633 1319 733 1408 poeta
758 1310 864 1385 vitam
888 1311 997 1410 egerit
1023 1313 1210 1410 atquibus

195 1443 316 1518 amicis
335 1442 551 1518 familiariter
573 1467 654 1518 usus
672 1445 726 1518 sit.
989 1521 992 1524 ,

243 1576 412 1669 Tibullus,
439 1601 460 1651 a
487 1578 601 1674 prima
620 1578 818 1676 juventute,
843 1579 890 1651 in·
905 1577 1011 1657 fidem
1035 1587 1068 1654 el
1090 1579 1210 1677 praesi-

197 1711 293 1784 dium
318 1711 480 1805 Messala⁷
500 1720 537 1786 ut
556 1711 716 1803 vidimus,
737 1720 899 1811 acceptus
921 1711 1048 1789 luerat.
1067 1713 1211 1788 Messala

199 1867 266 1919 non
291 1846 402 1920 solum
430 1835 750 1943 praestantissimum
777 1847 812 1921 in
832 1846 968 1922 ciuitate
992 1846 1209 1922 looumobii-

199 1979 316 2071 nebat,
333 1977 392 2054 sed
417 1980 521 2055 etiam
549 1980 671 2055 litteris
693 1979 809 2056 lavere
832 1981 1046 2081 gloriabatur
1069 1989 1104 2055 et
1118 1983 1212 2056 niuea

123 2120 128 2128 '
197 2135 231 2189 se
260 2121 441 2211 poetarum
478 2113 675 2189 societatem
712 2114 922 2189 instituerat.
958 2114 1135 2206 Tibullus,
1175 2113 1210 2188 in

198 2270 274 2323 eam
294 2248 493 2336 societatem
515 2256 688 2346 reoeptus,
712 2249 876 2347 pleraque
896 2248 1053 2324 carmina
1077 2248 1212 2322 favente

199 2382 341 2458 Messala
360 2381 478 2474 edidit,
501 2383 556 2458 oui
580 2383 673 2480 pium
690 2383 779 2483 grati
804 2383 910 2457 animi
931 2383 1054 2482 pignus
1072 2381 1214 2481 poeticis

195 2516 366 2606 laudibus,
384 2516 508 2615 saepius
527 2517 669 2609 iteratis,
696 2517 857 2592 solvebat.

236 2652 290 2726 M.
311 2651 466 2727 Valerius
480 2652 622 2726 Messala
632 2651 802 2726 Corvinus
817 2674 850 2724 a.
870 2675 907 2724 u.
923 2651 995 2725 790
1010 2658 1111 2725 natus
1124 2658 1175 2726 est
1188 2653 1211 2726 ¹.

199 2785 354 2877 Athenis,
378 2792 414 2860 ut
441 2807 515 2860 mos
534 2793 626 2878 erat,
643 2784 775 2860 studuit
800 2792 847 2877 et,
867 2785 1045 2860 interfecto
1063 2786 1211 2870 Caesare,

200 2920 356 3018 quamvis
389 2919 481 2994 Urbe
523 2919 669 3012 abesset,
702 2919 735 2994 in
758 2919 893 3021 tabulis
929 2919 1215 3019 proscriptionum

200 3052 391 3152 adscriptus
408 3061 471 3129 est.
490 3053 655 3143 Quamvis
670 3076 750 3128 mox
764 3053 839 3151 ejus
857 3075 984 3129 nomen
1010 3062 1145 3128 motum
1158 3052 1212 3144 sit,

202 3197 317 3262 tamen
333 3210 413 3262 eum
428 3190 534 3261 Bruto
554 3195 588 3262 et
606 3187 722 3262 Cassio
741 3210 839 3261 arma
863 3187 978 3284 gessit,
1002 3216 1019 3255 a
1038 3189 1217 3284 proximus

202 3343 322 3396 eorum
341 3319 563 3397 auctoritati²
585 3349 614 3394 .»
636 3321 716 3395 Post
730 3319 889 3416 praelium
907 3320 999 3416 apud
1021 3319 1214 3417 Philippos,

204 3454 245 3530 ad
263 3456 450 3530 Antonium
479 3477 515 3530 se
541 3454 721 3545 convertit,
746 3453 819 3544 sed,
843 3451 919 3551 ejus
941 3452 1065 3552 agendi
1085 3453 1216 3528 ratione

204 3587 445 3687 defatigatus³‚
473 3589 506 3662 in
529 3587 678 3687 gratiam
694 3587 796 3662 rediit
815 3608 895 3662 cum
909 3586 1135 3678 Octauiano⁴,
1155 3587 1215 3685 qui

241 3803 268 3857 l.
290 3799 444 3873 Ambigitur
465 3800 547 3856 etiam
572 3799 606 3856 de
621 3799 704 3856 natali
720 3799 852 3857 Messalae.
881 3799 942 3856 Vid.
969 3799 1084 3870 llanlrel,
1100 3818 1126 3874 p.
1144 3801 1171 3870 6,
1188 3808 1217 3857 et

208 3889 320 3957 Teuffel,
336 3889 505 3957 desedieltte,
518 3888 580 3958 XIX,
598 3891 623 3958 1,
633 3889 755 3945 translat.
769 3889 848 3961 gall„
861 3896 882 3946 t.
896 3889 932 3958 ΙΙ,
944 3905 974 3962 p.
990 3890 1033 3945 18.

242 3979 268 4034 X.
290 3977 356 4034 Vett.
374 3978 443 4046 Pet,
455 3979 491 4047 ll,
504 3979 549 4046 Il,
565 3979 591 4033 l.

225 4066 268 4123 ’3.
290 4065 371 4136 Plin.,
385 4067 419 4122 Η.
431 4067 479 4136 Ν.,
494 4066 609 4135 XXXIII,
626 4068 652 4136 3,
669 4068 712 4124 rt.

212 4199 214 4206 a
242 4157 268 4210 ll.
290 4155 371 4228 App,
387 4157 423 4213 B.
435 4156 477 4223 C.,
492 4153 536 4224 IV,
550 4155 593 4212 38.

332 4254 487 4294 nnnaouunr.
