3117 5042
629 617 808 689 -67-

217 783 347 860 dictum
380 794 431 862 est
457 786 619 885 quodque
658 790 820 883 Cornuti,
860 791 1024 892 Sulpicim
1055 789 1227 897 conjugis,

218 919 337 995 relicto
352 919 506 996 Cerinthi
525 919 610 997 falso
622 924 776 1016 nomine,
797 927 946 1003 natalem
962 928 1128 1005 reducem
1142 931 1229 1007 cele·

220 1044 310 1120 brat.
346 1047 453 1122 Poeta
480 1047 588 1138 enim,
616 1046 650 1123 iu
679 1057 776 1126 sexto
808 1052 922 1150 quarti
950 1053 1028 1128 libri
1058 1056 1229 1146 carmine,

217 1187 393 1275 postremo
407 1180 535 1256 scilicet
545 1180 591 1268 de
607 1182 787 1275 Cerintho,
803 1185 937 1263 dixerat
953 1211 965 1262 z

580 1443 686 1509 Veniet
701 1462 793 1525 quum
806 1447 960 1527 proximus
973 1465 1083 1528 annus,

381 1539 436 1604 Hic
448 1541 528 1641 idem
543 1540 619 1606 votis
629 1542 693 1623 jann
707 1550 791 1605 vetus
804 1543 882 1606 adsit
893 1547 1004 1608 amor¹.

269 1775 357 1850 Vota
378 1774 542 1851 exaudita
565 1782 656 1867 sunt,
686 1798 767 1850 nam
791 1778 984 1854 Cornutum
1011 1778 1126 1856 uxoris
1152 1791 1234 1858 tan-

216 1900 297 1982 ‘tum
312 1908 424 1985 olidos
436 1932 572 2014 amores
584 1941 600 1980 »
618 1919 652 1985 et
671 1910 861 2008 «prolem»
875 1921 1050 2010 optantem
1062 1914 1231 1992 ridemus

224 2040 336 2140 Atque
369 2043 502 2120 utinam
537 2042 596 2122 fidi
630 2044 711 2133 sint,
747 2044 970 2143 Sulpiciaque
991 2049 1096 2124 semel
1126 2057 1161 2125 et
1198 2052 1233 2124 iu

224 2184 388 2254 aeternum
404 2178 542 2254 arseritt

214 2290 217 2298 ¹
272 2311 373 2386 Haud
389 2311 489 2388 facile
508 2311 659 2410 reperias
679 2311 722 2385 in
733 2311 895 2386 omnibus
911 2315 963 2388 vel
979 2314 1166 2393 latinorum
1183 2317 1236 2392 vel

224 2468 417 2544 graecorum
449 2454 634 2544 poetarum.
658 2445 820 2543 operibus
846 2448 1050 2522 amatorium
1082 2447 1256 2538 fabulam,

225 2580 399 2656 callidiore
417 2588 492 2656 arte
508 2578 707 2679 explicitam
726 2589 760 2655 et
778 2581 876 2679 quasi
899 2581 1066 2680 gradihus
1078 2583 1234 2675 ductam,

226 2712 409 2791 fervidiore
437 2714 579 2790 llamma
607 2713 824 2812 flagrantem,
855 2715 1000 2792 arctiore
1028 2717 1138 2814 spatio
1162 2739 1240 2815 per·

227 2848 417 2926 lectionem.
437 2849 661 2941 Prooemium,
677 2857 939 2946 argumentum,
950 2850 1130 2947 explicatio
1148 2851 1238 2926 inter

227 3007 262 3059 se
273 2983 444 3059 mirumin
456 2984 599 3060 modum
610 2984 833 3073 conveniunt,
849 2983 1237 3082 doneosplendidissimo

227 3118 319 3193 exito
342 3118 605 3209 concludantur,
627 3126 662 3194 et
681 3117 715 3191 in
737 3126 809 3192 toto
824 3117 990 3215 poematis
1011 3116 1118 3193 doctu
1134 3140 1190 3192 ars
1204 3126 1239 3194 et

229 3263 366 3345 natura,
383 3277 465 3330 vera
478 3254 602 3329 scilicet
620 3261 654 3328 et
673 3251 769 3342 ficta,
786 3250 914 3326 eximio
925 3259 1101 3326 momento
1113 3251 1238 3327 librata

229 3395 264 3463 et
278 3387 402 3486 juncta
418 3396 569 3464 mentem
592 3386 695 3460 simul
715 3384 888 3461 oblectant
909 3392 944 3459 et
957 3384 1109 3483 explent.
1131 3385 1238 3474 Nihil,

230 3530 267 3597 ut
287 3522 411 3621 saepius
430 3523 465 3596 iu
484 3520 619 3597 Tibullo
644 3517 697 3612 fit,
724 3540 1020 3617 supervacaneum
1044 3527 1105 3594 aut
1120 3519 1240 3595 inutile

230 3664 383 3731 moratur
401 3678 541 3731 carmen
555 3665 589 3731 et
602 3654 811 3753 corrumpit3
830 3654 933 3728 nullae
947 3661 1028 3728 sunt
1043 3660 1240 3730 ceterorum

231 3802 409 3888 poetarum
432 3789 652 3882 imitationes,
676 3812 792 3865 rerum
809 3786 1057 3886 descriptiones
1070 3789 1123 3864 vel
1141 3787 1243 3866 fabu-

231 3925 312 4000 losae
323 3923 628 4000 historiaedbsunl
643 3946 782 4022 quoque
794 3923 829 3997 in
845 3921 1243 4020 dispositioneettrecta·

269 4186 293 4242 r.
315 4182 402 4254 1v‚o‚
419 4183 510 4240 ro-ao.
