3117 5042
767 592 944 664 ..pp-

351 765 563 842 lamiliariter
579 765 776 857 utebantur,
797 764 856 840 scd
877 764 983 840 etiam
998 763 1088 839 inter
1110 785 1169 839 eos
1189 786 1358 840 annume

351 900 545 976 rabuntur·
561 901 736 1000 Augustus
766 899 838 998 ipse
869 907 904 975 et
932 899 965 972 in
997 921 1097 996 prosa
1129 907 1163 974 et
1193 899 1228 972 iu
1259 922 1357 975 versu

350 1035 578 1134 scriptitabat;
605 1045 682 1110 acta
700 1034 930 1132 componebat
954 1041 989 1108 et
1014 1032 1059 1107 ab
1078 1055 1121 1109 ao
1143 1033 1280 1131 scriptae
1306 1033 1361 1107 lit-

352 1177 432 1244 terae
450 1169 597 1268 vulgata
622 1177 658 1245 et
678 1166 736 1244 din
762 1168 976 1244 circumlatae
997 1165 1151 1244 inerunt.
1177 1169 1359 1259 Maecenas,-

349 1302 592 1400 quidoctiores
605 1311 641 1377 ut
653 1301 695 1377 ad
715 1301 888 1378 Caesarem
905 1301 1095 1378 adduceret
1108 1300 1258 1402 benigna
1273 1300 1362 1376 acci·

348 1437 476 1534 plebat,
494 1438 530 1511 in
545 1437 702 1512 oratione
719 1445 754 1511 et
770 1437 803 1510 in
824 1459 922 1511 versu
937 1436 1113 1513 eminebat
1132 1435 1253 1533 putido
1272 1457 1360 1534 quo-

349 1569 429 1646 dam
450 1571 584 1648 dicendi
602 1593 728 1670 genere
749 1593 813 1646 nec
832 1571 1022 1668 quidquam
1041 1570 1072 1645 ei
1094 1569 1271 1667 antiquius
1287 1579 1360 1646 erat

348 1728 452 1804 quam
469 1703 1357 1803 utmaximacuracarminacomponeretdgrippa,
1401 1781 1406 1790 ,

354 1839 575 1914 «rusticitati
604 1839 744 1937 propior
777 1861 883 1936 quam
916 1838 1062 1930 deliciis,
1101 1868 1117 1910 s
1148 1868 1165 1907 «
1194 1836 1360 1938 magnili-

348 1994 423 2047 cam
442 2001 459 2042 o
478 1982 593 2048 tameo
615 1980 683 2048 «et
702 1973 854 2047 maximo
868 1973 994 2047 civium
1012 1971 1154 2073 diguam
1171 1972 1213 2047 de
1233 1972 1358 2046 tabulis

347 2108 509 2183 omnibus
526 2108 699 2208 signisque
716 2107 959 2205 publicandis»
984 2101 1177 2185 orationem
1190 2107 1318 2184 edebat
1332 2110 1355 2180 ¹.

347 2241 445 2317 Multi
466 2265 605 2342 quoque
627 2264 789 2340 proceres
817 2250 929 2329 erant,
954 2250 1051 2318 extra
1070 2242 1272 2341 reipublice
1293 2267 1358 2342 gu-

346 2375 558 2468 bernatores,
592 2376 716 2454 Caesari
749 2399 818 2451 non
850 2377 1007 2469 obnoxii,
1038 2377 1223 2476 quinimo
1254 2399 1358 2475 repu-

345 2519 500 2610 gnantes,
524 2511 585 2609 qui
606 2511 834 2586 litteratorum
854 2511 1043 2586 amicitiam
1064 2506 1279 2587 affectarent.
1301 2512 1357 2584 lo-

345 2643 405 2718 ter'
420 2668 479 2720 eos
502 2643 652 2752 maxime
674 2645 782 2720 Pollio
806 2645 993 2737 eminebat,
1020 2646 1093 2744 qui,
1116 2646 1357 2722 disertissimus

346 2788 475 2870 orator,
494 2787 676 2877 postquam
696 2779 893 2876 eloquentia
916 2810 933 2849 c
956 2789 1078 2878 pacata
1096 2811 1112 2849 a
1133 2779 1261 2867 fuerat,
1288 2803 1355 2878 pu-

346 2909 451 2986 blicas
477 2913 688 2987 recitationes
711 2912 871 3005 instituit,
899 2937 988 3012 quae,
1006 2936 1134 3014 magno
1157 2915 1273 2990 lavore
1299 2937 1364 2989 err-¹

345 3054 468 3143 captae,
489 3047 524 3121 iu
543 3048 719 3146 vulgarem
749 3048 1035 3124 consuetudinem
1063 3049 1231 3147 paulatim
1245 3071 1356 3124 vene-

344 3180 1352 3280 runt.Multisinaedibusprivatisdispositasuntauditoria,

343 3315 510 3391 subselliis
526 3318 560 3390 in
581 3316 724 3392 modum
743 3316 869 3391 theatri
891 3316 1070 3408 instructa,
1089 3318 1123 3392 in
1145 3342 1223 3417 qnae
1246 3319 1355 3396 domi·

344 3472 407 3524 nus
423 3451 552 3526 amicos
569 3449 613 3526 ad
629 3450 802 3526 audienda
820 3451 871 3524 sui
894 3450 1001 3548 ipsius
1015 3452 1067 3527 vel
1086 3452 1230 3527 aliorum
1249 3477 1354 3552 opera

341 3605 403 3679 per
417 3583 548 3660 libellos
569 3586 722 3660 arcebat.
740 3585 849 3682 Aprili
864 3585 917 3660 vel
937 3595 1083 3684 augusto
1097 3610 1215 3663 mense
1235 3617 1252 3657 «
1268 3583 1354 3662 uul-

340 3698 394 3772 lus
411 3699 482 3775 lere
502 3701 574 3776 dies
595 3709 669 3775 erat
693 3723 763 3798 quo
787 3723 854 3774 nou
870 3702 1031 3776 recitaret
1044 3703 1166 3800 aliquis
1176 3703 1203 3776 ³.
1222 3733 1239 3770 a
1261 3705 1352 3779 Cum

340 3831 418 3906 libri
438 3856 563 3931 magno
580 3843 790 3924 constarent,
806 3843 915 3931 poetae
931 3836 1135 3932 prasertim,
1153 3837 1268 3912 laudis
1282 3848 1351 3912 stu·

377 4048 402 4100 l.
425 4044 505 4116 Pliu.‚
522 4049 557 4103 ΙΙ.
571 4047 620 4116 N„
633 4046 731 4117 XXXV,
744 4047 773 4115 9,
791 4048 834 4106 ab.

378 4135 404 4191 b.
425 4135 576 4210 Plinium,
589 4133 691 4208 Epist„
709 4137 731 4205 l,
747 4136 780 4204 3;
791 4138 826 4193 cl.
841 4139 949 4209 lucen,
966 4140 1014 4207 ΙΙΙ,
1037 4141 1064 4195 9.
