3117 5042
172 1900 328 1958 Promeruu
333 1937 1106 1958 ............................................
1171 1898 1185 1954 1

177 2027 270 2084 Curur
286 2025 307 2082 l.
329 2025 417 2083 Pauca
424 2025 458 2082 de
466 2024 569 2082 Tibulli
577 2025 680 2083 vita.-
690 2025 832 2091 Quomodo
840 2025 900 2098 ejus
911 2025 1033 2083 earmina
1042 2024 1118 2082 edila

335 2113 434 2172 sinu·
447 2115 513 2180 Quae
523 2115 551 2172 iu
558 2115 689 2190 operibus
703 2115 766 2188 ejus
775 2123 869 2190 partes
884 2123 967 2172 cerloe
979 2115 1043 2186 sint,
1052 2129 1115 2188 qum

336 2203 428 2262 duhiae
449 2204 603 2262 videantur.
616 2235 651 2246 -
665 2204 785 2262 Messala
799 2212 827 2260 et
845 2204 905 2276 ejus
919 2211 1016 2261 emtus.
1028 2235 1064 2245 —
1078 2203 1117 2259 lle

336 2293 425 2366 quarti
442 2292 507 2350 libri
528 2294 655 2368 partibus
661 2330 1113 2351 ..........................
1174 2293 1189 2347 l

214 2449 247 2460 -
284 2417 319 2476 ΙΙ.
339 2417 523 2493 Panegyricus
537 2419 710 2476 llessalae.—
717 2418 820 2475 Rerum
834 2417 1041 2477 distributim-
1055 2418 1119 2492 Sep·

338 2509 407 2566 lime
428 2509 512 2585 primi
527 2509 591 2567 libri
610 2509 702 2584 elegia
723 2508 757 2565 de
781 2507 1067 2584 llessalaetriumpho.
1084 2541 1120 2550 -

338 2599 397 2656 Duo
407 2598 456 2656 illa
468 2598 618 2656 earminaa
638 2598 748 2656 Tibullo
764 2598 857 2656 adhue
869 2596 999 2673 imperito
1013 2614 1124 2672 compe·

340 2689 393 2746 sila
417 2705 476 2746 esse
483 2728 1119 2747 ...................................
1158 2687 1194 2743 25

216 2844 251 2855 -
273 2812 320 2874 111.
341 2813 379 2870 lle
401 2813 499 2888 elegiis
524 2814 587 2870 inde
614 2814 648 2870 ab
669 2813 755 2871 altera
774 2830 863 2886 usque
884 2813 919 2870 ad
933 2813 1124 2870 duodecimam

342 2903 435 2977 quarti
445 2902 629 2969 libri-Qum
637 2902 756 2972 Tibullo,
764 2902 959 2978 quaeSulpieiae
967 2901 1122 2960 tribuenda.

342 3023 377 3037 -
398 2992 555 3052 Corinthus.
571 3025 607 3036 -
620 2991 738 3067 Sulpicia
741 3032 1121 3048 ......................
1162 2991 1195 3046 ll

218 3147 254 3158 -—
279 3116 325 3174 lll.
345 3118 383 3174 lle
408 3117 506 3191 elegiis
534 3117 728 3175 tertiadecima
750 3125 778 3174 et
802 3116 1008 3191 quartadecima
1033 3115 1127 3189 quarti

344 3206 457 3263 lihri.-
472 3206 586 3282 Glycera
592 3246 1120 3265 ..............................
1163 3204 1198 3262 69

184 3331 337 3389 Geucuusm
344 3371 1122 3388 ............................................
1165 3329 1200 3387 75

620 4133 765 4146 ——n-

456 4181 582 4228 Morienoz,
595 4186 752 4224 uum-Dircen
764 4185 819 4231 imp.
831 4184 929 4230 reunion,
939 4183 964 4226 A
