3117 5042
593 661 771 732 —35-

181 831 353 922 voluisset,
363 854 431 907 non
447 855 529 906 usus
539 838 626 907 esset
637 830 777 907 heroion
788 833 1188 930 versu,quemTibullus'‚

180 966 387 1065 panegyrico
413 965 563 1053 sublato,
592 989 772 1064 nunquam
798 965 969 1057 adhibuit,
992 967 1051 1043 sed
1080 968 1188 1068 elego.

180 1101 335 1199 [lenique
347 1124 417 1176 non
433 1101 481 1175 ita
497 1100 586 1176 male
599 1100 724 1175 Tibulli
737 1100 1002 1179 eonsuetudines
1022 1116 1192 1203 usumque

180 1259 299 1312 rerum
311 1244 345 1310 et
361 1236 543 1310 verborum
564 1234 715 1310 imitatus
733 1243 835 1326 osset,
852 1243 889 1310 ut
905 1250 1046 1312 earrnen
1058 1237 1193 1314 Tibullo

180 1368 273 1444 hauc
298 1369 407 1467 ipsam
443 1369 489 1444 ob·
520 1391 658 1444 oausam
687 1377 875 1468 negaretur
893 1370 990 1468 quot
1014 1371 1194 1448 tibulliaua

180 1503 318 1580 dicendi
332 1503 417 1578 ratio
431 1526 599 1602 nusquam
615 1503 649 1577 in
662 1505 870 1603 panegyrico
884 1514 1060 1603 appareat.

230 1638 485 1737 Argumentum
518 1659 598 1714 vero
626 1637 718 1735 quod
752 1638 1014 1737 Wepehertius¹
1045 1663 1065 1716 e
1096 1642 1190 1742 Valgi

181 1773 512 1848 commemoratione
532 1773 651 1866 trahit,
670 1771 830 1849 facillime
853 1774 992 1872 quidem
1015 1774 1191 1851 refellitur.

181 1909 259 1984 Non
288 1908 569 2008 Valgiumoarte
601 1908 691 1983 iuter
713 1907 833 2004 ‘epieos
863 1918 980 2006 poetas
1009 1910 1070 2007 qui
1105 1909 1195 1991 inter

181 2043 310 2118 amieos
342 2041 496 2117 Messalae
520 2041 740 2118 annumerari
767 2051 926 2139 poteraut
952 2043 1070 2119 rhetor
1094 2043 1196 2120 dele-

182 2177 297 2275 gissa,
325 2176 385 2252 sea
411 2175 591 2274 virgilium
621 2177 673 2252 va
697 2175 873 2252 ovinum.
1021 2145 1026 2153 ’
1123 2148 1126 2158 ’

229 2311 330 2402 Quod
355 2310 398 2386 ad
424 2309 772 2408 molestiarumque,
796 2333 900 2408 quam
916 2335 1014 2409 paene
1038 2314 1194 2388 servilem

182 2468 253 2522 esse
298 2445 523 2531 contendunt,
565 2444 703 2534 attinet,
742 2443 833 2520 hano
871 2445 1010 2543 quidem
1052 2446 1194 2523 nimiam

181 2569 424 2682 Hartrbergius
442 2588 476 2654 et
498 2578 602 2654 aeteri
629 2577 772 2654 laniunt.
804 2578 969 2654 Modestia
995 2580 1089 2656 enim
1119 2582 1191 2674 illa,

182 2737 261 2812 quae
284 2714 319 2788 iu
339 2713 493 2790 uersibus
511 2713 618 2803 t-tl,
643 2711 768 2802 alat,
791 2713 975 2804 tra-178,
1001 2714 1196 2792 197-2032

141 2867 143 2872 ’
182 2856 356 2948 apparet,
392 2855 528 2946 poetam
555 2855 691 2923 tantum
725 2847 839 2924 adhuo
868 2849 992 2926 rudem
1023 2858 1192 2943 testatum

217 3055 244 3110 l.
263 3055 422 3198 Poqturum
442 3054 608 3112 latinorum
628 3053 768 3126 reliqum,
785 3070 816 3128 p.
838 3055 901 3112 mr.

213 3143 241 3200 ἲ.
263 3145 305 3200 l-l
343 3160 349 3197 :

642 3237 680 3287 lle
690 3235 787 3302 cognita
795 3235 872 3287 uirtus

360 3307 445 3358 Terret
456 3311 485 3358 ut
493 3305 596 3358 inltrmae
610 3308 705 3358 valeant
717 3306 850 3358 subsistere
860 3307 936 3360 uires.

486 3440 489 3446 Ι
590 3380 608 3428 Α
624 3379 719 3429 meritis
734 3378 755 3427 si
765 3378 874 3428 earmina
884 3379 980 3432 laudea.

360 3449 492 3514 Deficiunt,
504 3450 604 3500 humilis
619 3450 693 3501 tantis
711 3449 757 3498 sim
769 3451 881 3501 eonditor
893 3450 964 3511 aetis,
976 3445 981 3455 '

359 3523 409 3572 lle'o
423 3526 465 3572 tua
479 3527 568 3586 praete'r
579 3526 603 3572 te
617 3522 708 3572 chartis
726 3520 837 3571 intexere
852 3519 981 3584 quisquam

360 3594 432 3644 laeta
441 3596 523 3656 queat,
537 3593 607 3642 dietis
622 3597 650 3644 ut
663 3597 716 3642 'nou
729 3591 822 3656 maiora
835 3594 968 3658 supersint.

359 3665 401 3716 Est
413 3665 482 3716 uobis
497 3665 602 3714 voluisse
621 3664 690 3725 satis,
703 3678 748 3714 neo
761 3678 864 3714 munera
882 3678 956 3729 parra

243 3745 245 3748 ·
357 3736 502 3800 Respueris.
516 3735 594 3785 Etiam
602 3737 694 3786 Phoebo
709 3735 848 3801 gratissima
863 3737 928 3786 dona

364 3807 421 3857 Cres
436 3807 492 3857 tulit
495 3844 550 3860 .....
560 3812 609 3856 ete.

361 3877 403 3927 llis
418 3891 515 3942 quoque
528 3879 559 3928 sit
571 3883 656 3942 gratus
672 3893 759 3942 parvus
777 3879 856 3946 labor,
871 3882 899 3929 ut
914 3872 960 3928 tibi
972 3876 1068 3943 possim'

360 3951 420 4000 lude
429 3949 492 3999 allos
503 3949 613 4013 aliosque
625 3965 718 4001 memor
730 3963 877 4014 componere
888 3963 986 4001 uersus.

271 4050 355 4107 at-nt
370 4069 376 4106 :

361 4164 400 4224 lt,
418 4163 590 4227 quodcumque
609 4177 671 4215 meae
690 4167 806 4227 poterunt
824 4163 1049 4225 annuntiamus,

361 4235 410 4285 Seu
425 4234 469 4286 tibi
486 4249 530 4299 par
546 4239 728 4298 poterunt......
741 4231 802 4302 (eto,
813 4235 863 4288 uid.
878 4249 933 4298 sup.
945 4249 969 4298 p.
983 4237 1027 4296 al,
1042 4250 1067 4286 u.
1085 4237 1121 4297 6.)
