3117 5042
571 573 746 646 -63—

149 744 283 820 ardenti
307 745 426 820 animo
448 751 640 843 eruperunt
658 747 900 824 ostenduntur.
915 749 1060 826 Rarioru
1076 762 1159 827 sunt

54 876 57 881 ’
150 879 252 979 hujus
279 881 414 980 generis
440 879 660 974 documento,
688 882 852 958 sedcum
878 883 965 960 forte
994 886 1157 985 quosdam

147 1023 329 1091 servantur
347 1014 513 1091 eximium
530 1017 564 1089 in
581 1017 701 1092 litteris
715 1018 831 1093 locum
845 1015 1002 1096 obtinent
1013 1023 1037 1094 ¹.

196 1149 262 1224 Ars
282 1158 416 1244 contra,
439 1151 498 1227 sed
516 1151 656 1227 maximi
680 1161 802 1249 pectre,
829 1154 959 1230 eminet
978 1155 1014 1228 in
1030 1157 1159 1230 cormi-

149 1284 249 1360 nibus
271 1285 352 1361 inde
370 1287 414 1360 cb
429 1287 536 1362 altero
555 1310 663 1386 usque
681 1285 726 1362 orl
741 1297 890 1380 scutum,
907 1295 997 1387 'quoe
1024 1290 1160 1366 Tibullo

148 1419 344 1510 tribuimus,
363 1428 396 1496 et
416 1421 636 1496 tibullionum
655 1422 835 1521 ingenium
850 1424 984 1522 lingua,
1000 1448 1162 1500 versuum

148 1553 409 1653 pangendorum
431 1555 641 1647 conditione,
661 1557 912 1632 sententiarum
938 1556 1163 1655 dispositione

148 1697 182 1762 et
207 1711 390 1788 progressu
418 1689 634 1766 denuntiant.
667 1693 735 1767 Res
768 1691 894 1789 quibus
921 1700 1027 1790 poeto
1052 1692 1165 1768 utitur

148 1822 278 1899 eaerlcm
297 1823 370 1899 fere
388 1833 469 1898 sunt
493 1831 597 1923 utque
621 1825 655 1898 in
676 1825 837 1923 Sulpiciae
854 1827 1078 1918 carminibus,
1099 1826 1159 1902 sed

148 1957 195 2031 ito
209 1957 380 2055 disposite
401 1966 436 2036 nt
451 1981 494 2037 ex
506 1959 558 2034 his
577 1981 663 2057 opus
681 1967 794 2035 totum
809 1969 843 2037 et
864 1961 1056 2036 absolutum
1072 1984 1158 2036 con-

148 2091 260 2166 lletur.
281 2093 319 2166 In
346 2093 460 2190 prinrc
486 2094 609 2192 elegia,
636 2095 788 2172 secunda
803 2096 1048 2171 scilicettotius
1063 2095 1157 2187 libri,

148 2227 313 2324 Sulpicia,
330 2228 505 2326 praecipuu
524 2229 693 2326 poematis
709 2253 867 2326 persona,
885 2229 1080 2329 depingitur
1092 2229 1160 2304 buc

146 2359 527 2459 lepidissimoimogine,
539 2387 617 2461 quae
631 2363 816 2438 notissimoe
824 2364 871 2437 illi
884 2362 987 2439 Deliae
997 2362 1160 2462 imagini2

147 2518 211 2592 par
231 2496 388 2572 videtur:

227 2724 312 2788 Illius
328 2745 363 2789 ex
379 2727 485 2807 oculis,
502 2746 570 2789 curn
582 2728 645 2789 vult
660 2745 786 2790 exurere
803 2728 902 2806 divos,

265 2824 919 2907 Mmfflffimfflmmmmmmr

225 2920 321 3002 Illam,
336 2923 482 3006 quidquid
497 2925 567 3003 egit,
582 2942 702 3006 quoquo
715 2924 839 3003 vestigia
850 2923 953 3000 movit,

267 3019 422 3102 Componit
433 3022 536 3084 furtim
551 3020 802 3104 subsequiturque
815 3022 924 3084 Decor.

131 3109 135 3116 ’
227 3116 288 3181 Seu
301 3118 386 3180 solvit
399 3121 507 3196 crines,
524 3120 597 3182 lusis
610 3120 696 3183 decet
711 3139 776 3182 esse
791 3119 907 3200 capillis
923 3135 932 3180 ’τ

266 3216 325 3279 Seu
338 3218 474 3300 compsit,
486 3219 613 3301 comptis
627 3226 671 3280 est
683 3217 852 3280 veneranda
868 3216 970 3280 cornis.

225 3313 302 3390 Urit,
320 3335 371 3378 seu
385 3315 472 3398 Tyria
485 3317 579 3378 voluit
594 3316 757 3399 procedere
771 3314 849 3399 palla
865 3335 873 3377 :

261 3414 342 3492 Urit,
358 3433 411 3476 seu
426 3415 513 3477 nivea
525 3416 652 3478 cendirln
664 3423 745 3476 veste
760 3414 853 3477 venit.

161 3691 163 3696 Ι
226 3609 294 3674 Sola
309 3611 475 3693 puellarum
489 3612 578 3691 digna
594 3619 649 3690 cst,
664 3614 711 3674 cni
728 3611 830 3673 mollia
844 3612 921 3673 coris

266 3705 385 3772 Vellera
397 3709 447 3771 dat
461 3709 556 3772 succis
572 3709 617 3772 bis
633 3709 797 3772 madefacta
810 3708 912 3790 Tyros,

182 3942 206 3997 l.
229 3941 315 4015 Hujus
330 3942 441 4015 generis
453 3950 515 3998 sunt
529 3942 603 4016 apud
617 3942 785 4000 recentiores
795 3942 921 4017 epistolae
932 3942 1071 4014 Helolsiae,
1091 3961 1104 3999 r
1120 3943 1155 3999 de

146 4029 174 4087 lc
185 4031 344 4103 Relipicuse
354 4033 536 4106 portucale,
547 4049 560 4087 r
575 4033 630 4091 (de
642 4034 704 4093 Min
717 4032 834 4091 nisse.»

181 4119 207 4175 b.
228 4119 251 4190 l,
268 4121 280 4176 l
298 4130 325 4178 et
339 4123 367 4177 2.
