3117 5042
788 581 966 652 ..16-

367 757 468 834 sulm¹
489 756 619 832 hebere
634 769 827 854 possumus,
843 753 944 853 cujus
965 750 1067 850 elegi,
1087 749 1133 826 ed
1153 750 1380 827 iunilolionem

368 893 585 974 tibulliunem
618 889 815 988 compositi,
853 897 962 985 poelae
986 888 1059 980 iem
1090 886 1217 964 mortui
1244 895 1279 962 el
1303 886 1380 963 ideo

368 1050 437 1102 niun
457 1024 681 1125 repugnantis
694 1022 909 1099 carminibus
923 1021 1076 1120 adjuncti
1092 1032 1211 1110 sunl,

416 1164 568 1250 Quartus
582 1159 732 1258 denique
746 1158 847 1249 liber,
864 1157 975 1255 magis
994 1155 1122 1254 politus
1134 1161 1379 1253 quom'secuu-

367 1296 443 1390 dus,
460 1319 528 1371 non
539 1305 656 1370 temen
670 1301 762 1369 lotus
771 1291 815 1368 ud
823 1292 967 1368 ubsoluli
980 1299 1015 1367 el
1026 1289 1169 1390 perfecti
1178 1291 1290 1389 operis
1301 1312 1379 1388 spe-

367 1431 455 1506 ciem
476 1429 656 1528 perduclus
674 1427 778 1504 fuisse
793 1428 940 1504 uidetur.
954 1427 1069 1502 Nimio
1085 1424 1325 1524 pluresudhuc
1344 1423 1377 1497 in

367 1587 409 1640 eo
436 1565 581 1639 mneulee
607 1570 792 1662 apparent:
818 1563 968 1637 mullum
995 1561 1092 1638 abest
1117 1568 1167 1651 ul,
1186 1558 1377 1636 secundum

368 1699 479 1794 Flacci
497 1705 723 1796 pnaeoeplum,

665 1930 705 1992 sil
717 1929 843 2010 simplex
858 1929 1000 1994 duntaxat
1013 1936 1042 1991 el
1053 1946 1157 1990 unum.

365 2130 404 2203 ln
431 2150 473 2205 eo
501 2127 595 2204 enim
624 2137 693 2202 lues
724 2137 840 2226 pantes
867 2127 970 2225 plone
998 2127 1191 2218 dissimiles,
1220 2133 1259 2198 ul
1288 2122 1378 2197 inim

366 2261 534 2352 dicemus,
569 2262 734 2361 apposilee
759 2271 852 2352 sunl,
877 2284 944 2336 uon
967 2262 1163 2359 conjunctae
1172 2285 1181 2348 ;
1205 2281 1249 2334 ne
1269 2257 1378 2333 lenuis

365 2397 508 2495 quidem
527 2397 582 2473 ille
604 2395 681 2471 iilus
696 2396 850 2472 cernitur
864 2420 934 2494 quo
954 2405 1066 2493 perles
1082 2393 1194 2493 operis
1210 2393 1260 2468 vel
1280 2391 1379 2467 dissi-

366 2532 463 2607 miles
484 2532 629 2629 seriplon
646 2531 793 2630 quisque
813 2538 951 2607 neolere
970 2537 1127 2605 conatur.
1149 2527 1308 2625 'Denique
1320 2549 1377 2600 en-

365 2674 572 2762 gumenlum
589 2645 835 2762 plerorumque
855 2664 1073 2756 carminum,
1093 2665 1221 2740 seilicet
1234 2664 1277 2739 ad
1299 2663 1379 2736 Sul-

366 2798 489 2896 piciam
527 2807 561 2872 et
593 2799 798 2874 Corinthum
839 2800 1102 2896 pertinentium,
1139 2822 1207 2874 non
1246 2797 1379 2874 sinebul

364 2931 538 3036 Tibullum
566 2954 608 3007 eu
636 2932 669 3006 in
698 2934 810 3009 lucem
835 2932 1000 3030 prolerre.
1027 2932 1247 3008 Credendum
1276 2932 1379 3030 igilur

367 3065 461 3139 illum
489 3065 614 3141 librum
643 3090 715 3144 non
743 3091 765 3142 o
795 3076 897 3165 poeto
921 3068 1051 3143 editum
1080 3066 1184 3142 fuisse
1204 3127 1213 3158 ,
1230 3066 1308 3142 'scd
1336 3066 1379 3141 ob

365 3199 488 3274 eodem
504 3202 734 3298 compositore
756 3201 817 3300 qui
840 3200 1029 3276 secundum
1049 3202 1199 3301 collegit.

364 3432 368 3438 .
413 3334 498 3422 Quis
513 3334 619 3432 igilur
635 3337 846 3434 compositor
860 3335 917 3410 ille
933 3333 1019 3411 fuil‘l
1035 3337 1099 3426 Qui
1117 3334 1157 3411 fit
1175 3345 1213 3410 ul
1227 3335 1380 3410 Tibullus

366 3467 440 3574 lpse
459 3469 662 3567 pleramque
683 3493 830 3568 operum
855 3478 988 3568 pentem
1004 3493 1073 3544 non
1090 3469 1258 3546 ediderit?
1275 3471 1376 3562 Nem,

366 3601 392 3674 si
407 3601 566 3698 quaedom
583 3612 663 3677 sunl
685 3605 719 3676 in
741 3613 866 3701 quarto
883 3604 971 3678 libro
992 3627 1071 3702 qum
1090 3589 1295 3703 pervulgare
1311 3626 1378 3678 non

367 3737 515 3832 potuerit
528 3746 563 3811 el
576 3737 609 3809 in
628 3737 779 3812 secundo
799 3762 877 3836 qum
898 3760 966 3813 non
986 3738 1101 3813 adhuc
1117 3741 1199 3832 salis
1217 3737 1378 3837 perfeclae

403 3957 428 4012 l.
449 3953 492 4012 n.
510 3957 625 4014 Haesius
646 3959 785 4015 contendit
800 3961 926 4018 eumdem
942 3979 1002 4018 esse
1017 3961 1185 4036 Lygdamum
1200 3977 1231 4017 ec
1243 3960 1379 4017 Valerium

367 4043 541 4102 Messalinum
564 4048 689 4104 Messalae
706 4048 803 4104 silium.
827 4049 886 4106 Vid.
903 4051 946 4107 W.
960 4051 1073 4121 Teuffel,
1088 4051 1313 4109 Gescdicdledcr
1325 4052 1378 4107 Βό-

367 4135 492 4193 miscdcn
506 4137 668 4207 Lilcrulur,
683 4137 745 4206 945,
759 4139 786 4207 d,
800 4138 924 4196 translat.
939 4140 1018 4212 gall,
1033 4148 1053 4197 l.
1069 4140 1102 4212 ll,
1122 4158 1150 4215 p.
1168 4140 1211 4198 75.
