3117 5042
365 733 418 808 vel
439 731 559 807 leviter
576 731 633 807 rel
654 720 798 806 uberius
809 730 933 829 tetigit¹
948 760 956 821 ;
972 731 1047 830 jam
1061 740 1163 808 entes
1175 733 1209 808 in
1227 736 1373 834 septima

364 865 478 965 prime
502 865 580 938 libri
606 864 717 964 elegia
736 863 904 950 lusiorem¹
929 887 1113 942 excursum
1125 867 1178 952 *de
1200 866 1328 945 Osiridi
1343 877 1376 946 et
1425 897 1428 901 ·

363 997 719 1075 Bocohouotavimus.

413 1135 481 1210 Res
491 1133 665 1209 interdum
680 1155 785 1230 prove
796 1133 974 1232 dispositos
986 1143 1020 1210 et
1033 1135 1231 1214 distributas
1244 1146 1279 1215 et
1288 1154 1376 1214 'ora-

364 1269 466 1344 tionis
494 1267 758 1367 explicationem
796 1267 866 1342 hue
897 1267 979 1342 illue
1006 1269 1178 1347 incondite
1208 1271 1375 1349 fluctuare

366 1403 532 1493 salemum
556 1402 784 1477 molientium
806 1401 956 1478 letemur
972 1403 1104 1479 ineerta
1123 1427 1188 1481 neo
1205 1415 1327 1482 exucta
1341 1408 1375 1481 in

365 1539 565 1615 oratiouese
577 1536 715 1612 ollerre.
733 1538 819 1626 Quee
833 1559 914 1611 vero
923 1536 1068 1634 juvenili
1081 1537 1253 1636 imperitia
1273 1564 1377 1616 ercu-

366 1696 492 1749 semus
523 1671 594 1746 Etsi
619 1669 789 1746 Bechius²
822 1699 839 1737 «
858 1676 907 1744 ,τό
942 1695 1024 1745 num
1063 1672 1150 1748 mire
1181 1673 1310 1774 frigere
1343 1686 1378 1751 et

365 1808 490 1906 sepius
509 1805 619 1881 redire
629 1804 656 1895 ³,
681 1836 697 1874 s
725 1803 893 1879 Wiesius⁴
913 1805 1198 1904 conjunctionum
1226 1810 1374 1908 copiam,

365 1945 406 2019 F.
433 1939 639 2016 Toulellius5
673 1962 827 2037 «ergo»
862 1940 1066 2038 perticulam
1093 1965 1218 2039 parum
1244 1945 1377 2041 poetico

367 2098 511 2152 numero
519 2073 778 2150 convenientem
792 2074 1001 2172 vituperent,
1013 2075 1088 2151 haec
1101 2079 1219 2152 omnio
1235 2109 1251 2146 «
1261 2102 1377 2177 paueae

367 2209 558 2286 maculet»
580 2215 672 2298 sunt,
688 2230 757 2283 non
776 2209 981 2308 veromogni
995 2211 1160 2287 momenti
1173 2222 1378 2312 argumento

367 2356 404 2421 ut
436 2343 663 2444 panegyricus
691 2341 826 2416 Tibullo
848 2341 1220 2440 indiguushebentur.
1253 2347 1378 2422 Primis

367 2476 400 2554 in
427 2479 588 2576 operibus
616 2485 726 2575 poelee
746 2475 914 2574 cujusque
934 2477 1060 2552 similia
1081 2488 1281 2572 oecurruut,
1313 2504 1379 2558 nee

367 2615 514 2689 multum
548 2636 590 2687 ex
615 2612 818 2688 rudimentis
852 2613 917 2687 illis
950 2613 1109 2710 supersit,
1145 2615 1173 2688 si
1209 2615 1377 2714 quidquid

366 2747 529 2848 frigidum
541 2756 575 2822 et
590 2747 806 2822 inconditum
819 2770 977 2824 censores
988 2746 1153 2824 adiment.
1170 2749 1325 2824 Tibullus
1342 2752 1375 2825 in

365 2882 500 2982 primis,
522 2890 560 2956 ut
579 2880 785 2957 Teuffeliusl
808 2889 901 2958 reete
924 2883 1064 2974 notovit,
1095 2906 1164 2958 non
1188 2885 1377 2960 interillos

366 3024 485 3115 poetes
517 3016 796 3091 annumerandus
824 3017 954 3115 estqui
981 3040 1118 3094 merum
1144 3027 1179 3093 et
1204 3019 1377 3094 sincerum

403 3285 429 3340 1.
450 3282 489 3340 uf.
502 3284 524 3354 Ι,
539 3283 564 3351 1,
581 3282 630 3352 ld,
644 3283 743 3350 51-58,
756 3282 838 3352 3,35,
851 3283 1014 3357 sq.‚58·80;
1033 3284 1059 3353 1,
1069 3283 1164 3354 85-16,
1176 3285 1268 3353 3738,
1282 3285 1376 3354 63-61,

366 3373 466 3441 68·“Ι,0;
479 3372 507 3441 5,
523 3373 620 3441 15-16;
639 3373 665 3442 l,
682 3371 779 3442 υ13-19;
797 3372 840 3442 10,
856 3372 958 3441 35-38;
973 3372 1008 3442 ΙΙ,
1023 3372 1050 3442 3,
1070 3374 1172 3443 11-28;
1189 3376 1215 3440 l,
1232 3373 1332 3444 5556;
1348 3374 1376 3443 5,

366 3463 445 3533 9-10,
461 3462 552 3520 lsi-70.

402 3551 428 3608 3.
450 3553 545 3626 Epist.
567 3552 675 3621 eritis,
691 3569 717 3626 p.
734 3551 779 3609 35.

402 3642 427 3700 3.
449 3641 711 3712 111,1,88,35,15,
728 3641 773 3710 sl,
790 3640 851 3710 107,
866 3640 927 3707 111,
944 3642 1005 3710 151,
1022 3641 1083 3699 183.

403 3733 428 3786 l.
450 3731 512 3787 loe.
528 3747 589 3804 sup.
607 3731 673 3802 sig„
689 3748 717 3805 p.
735 3731 778 3787 ll.

403 3821 429 3877 5.
450 3820 491 3878 De
512 3820 587 3886 Cat,
612 3820 684 3887 Tib,
711 3821 803 3892 Prop.
830 3821 944 3880 vontus
967 3822 1076 3896 sinunt.
1105 3823 1289 3893 dissertatio,
1318 3823 1377 3880 Fri-

366 3909 459 3983 burgi,
475 3908 554 3979 1878,
570 3927 597 3982 p.
614 3909 641 3966 3.

401 3997 427 4056 6.
448 3997 557 4065 Horat,
574 3999 612 4057 ud
622 3999 693 4068 Pis„
707 3998 835 4058 351-355.

405 4088 429 4144 l.
452 4087 533 4147 stud.
550 4089 610 4148 und
626 4089 779 4160 Cdoralct„
795 4107 823 4164 p.
838 4088 901 4148 355.
