3117 5042
476 1423 830 1516 CONCLUSIO

196 1886 232 1962 Si
262 1910 355 1962 nunc
391 1885 635 1986 aggrediamur
664 1885 814 1962 breviter
842 1886 1050 1961 contrahere
1082 1910 1162 1985 quae

150 2022 191 2098 dc
221 2023 278 2096 illo
304 2029 428 2119 quarto
461 2019 633 2094 tibulliani
663 2019 754 2095 libro
782 2020 1051 2118 disputavimus,
1082 1999 1161 2097 'hec

149 2156 246 2232 nobis
267 2154 478 2232 enuntianda
497 2154 691 2230 videantur.

197 2271 328 2366 Praeter
342 2290 499 2366 carnrinn
511 2288 590 2364 inde
606 2312 628 2363 a
648 2287 793 2386 septimo
808 2311 916 2387 usque
931 2288 974 2364 ad
988 2288 1161 2366 duodeci-

149 2449 258 2517 rnum,
284 2448 363 2524 quae
386 2423 546 2523 Sulpiciae
562 2423 699 2499 cuidam
727 2422 911 2498 tribuenda
934 2432 1028 2515 suut,
1044 2433 1161 2500 certus

147 2561 203 2637 illc
218 2559 305 2636 liber
318 2559 439 2634 haberi
460 2566 583 2656 potest.
610 2559 678 2650 Qui
696 2565 829 2649 tarnen,
848 2566 885 2634 ut
900 2580 1018 2634 verum
1034 2558 1159 2657 loqua-

147 2718 253 2784 rnur,
280 2693 367 2770 liber
393 2693 461 2768 dici
482 2715 551 2767 non
570 2691 711 2783 debeat3
731 2692 908 2768 nonenim
927 2693 1159 2791 totiusoperis

146 2829 300 2904 absoluta
327 2837 362 2903 et
388 2827 550 2926 colligata
582 2850 661 2925 pars
688 2836 750 2918 cst,
782 2826 841 2902 scd
867 2828 980 2925 potius
1011 2827 1158 2904 «libelli

146 2961 296 3060 farrago,
313 2991 331 3031 »
360 2985 442 3036 uam
458 2960 661 3061 fragmentis
678 2969 811 3038 constat
832 2961 923 3037 iuter
946 2985 982 3038 se
1008 2961 1158 3038 dissimi-

145 3096 249 3188 libus,
273 3119 341 3172 non
363 3097 494 3195 junctis
518 3096 576 3172 scd
593 3097 731 3172 coactis.
762 3098 798 3172 Si
825 3097 884 3170 illa
916 3097 1097 3194 disponere
1122 3104 1157 3172 et

144 3230 299 3328 prolerre
316 3240 426 3329 poetae
439 3230 600 3323 licuisset,
616 3237 709 3305 certe
728 3231 829 3329 longe
846 3230 914 3304 alia
928 3231 1060 3305 ratione
1075 3253 1156 3304 usus

144 3365 186 3439 sit
206 3387 270 3440 nec
284 3364 414 3440 librum
431 3365 543 3464 qualis
564 3374 615 3440 est
636 3386 729 3439 nunc
751 3364 786 3438 iu
805 3386 929 3438 manus
948 3363 1152 3439 habeamus.

192 3501 402 3600 Fragmenta
428 3498 580 3575 vercilla
605 3520 683 3573 cunr
713 3499 850 3599 singula
875 3505 911 3572 et
938 3499 973 3572 in
993 3497 1157 3574 saconsi-
1237 3551 1242 3561 .

144 3634 324 3726 derantur,
344 3633 455 3708 tribus
468 3633 631 3708 absolutis
655 3641 690 3708 et
716 3633 795 3707 unis
820 3633 980 3731 operibus
1006 3631 1156 3708 conflata

143 3776 326 3866 apparent,
341 3767 469 3843 scilicet
487 3767 641 3842 Messalae
669 3767 917 3867 panegyricus,
943 3767 1106 3864 Sulpiciae
1120 3775 1156 3842 et

143 3900 299 3977 Corinthi
325 3900 479 3994 historia,
507 3901 661 3977 carmina
690 3900 734 3977 dc
766 3902 923 4001 Glycera.
953 3903 1029 3978 Non
1062 3901 1154 3999 equi

130 4034 310 4114 rnornenti
325 4044 419 4128 suut,
437 4035 498 4112 sed
512 4057 574 4110 sua
589 4035 717 4133 cuique
727 4035 929 4137 jucunditas
947 4044 982 4110 et
1004 4033 1153 4132 pretium

133 4170 243 4252 inest.
294 4245 299 4252 ,
