3117 5042
755 583 936 656 ...68-

336 753 618 852 tione‘inaequeiie
627 763 660 830 ei
673 754 838 830 exilieilla
847 755 973 853 quibus
983 753 1158 830 interdum
1171 754 1205 830 in
1219 754 1343 830 ueteris

335 896 445 988 pneiae
467 888 628 987 operibus
649 886 871 964 offendimur.
901 888 1092 965 Materiem‘
1108 889 1346 964 mire-coure-

337 1025 488 1100 nientem
502 1023 694 1120 ampiexus,
711 1022 872 1098 omnibus
884 1024 989 1098 enimi
1005 998 1201 1123 ingeniique
1213 1023 1343 1100 viribus

336 1158 496 1233 tractavit
517 1164 550 1232 et
574 1155 665 1255 quod
688 1157 854 1255 potuisset
875 1156 1015 1233 inficere
1036 1156 1176 1256 ubjecit.
1205 1157 1241 1231 Si
1263 1157 1348 1231 nihii

337 1290 429 1366 eliud
445 1298 571 1389 praeter
588 1291 647 1364 ilie
670 1292 827 1366 carmine
841 1291 940 1367 nobis
957 1291 1034 1390 ejus
1055 1293 1199 1367 numine
1219 1313 1346 1388 perve-

336 1426 452 1515 nisset,
480 1424 647 1499 menimns
672 1433 788 1500 tamen
812 1427 903 1500 inier
921 1433 1040 1524 poetes
1064 1423 1348 1526 annumerandus

335 1560 378 1632 sit
409 1556 625 1656 dignumque
647 1557 747 1657 juxte
769 1558 952 1657 Virgilium
973 1566 1008 1634 ei
1032 1559 1215 1636 Horatium
1232 1559 1348 1634 iocum

336 1691 501 1766 obtinent.
530 1691 593 1767 Vel
624 1713 704 1766 cum
734 1692 869 1768 Delium
896 1716 996 1767 suem
1023 1693 1184 1783 canebat,
1217 1690 1351 1768 felicior

337 1825 368 1899 ei
381 1825 519 1922 spiritus
531 1847 600 1898 non
613 1822 676 1901 init
689 1849 752 1902 nen
765 1827 877 1926 magis
887 1836 1043 1902 exenium
1058 1835 1168 1902 artem
1176 1825 1347 1901 adhibuit.

329 1943 433 2050 fTune
449 1959 541 2032 enim
559 1958 693 2035 dolores
713 1961 869 2058 proprius
886 1961 1077 2060 intimaque
1091 1959 1218 2060 gaudia
1234 1962 1350 2058 expri-

336 2092 465 2185 mebat,
481 2093 649 2195 nimisque
657 2095 817 2169 concitati
830 2095 1160 2194 effeciusingeuium
1173 2094 1348 2169 interdum

327 2226 564 2323 .ouhibebunt;
580 2235 616 2303 et
631 2237 751 2304 eontra
770 2229 804 2303 in
818 2229 1037 2330 depingendo
1054 2229 1210 2304 Ceriuihi
1224 2236 1258 2304 ei
1273 2229 1348 2304 Sul·

262 2384 265 2390 ·
325 2359 434 2458 ¹piniee
456 2384 588 2452 amore,
620 2363 680 2461 qui
711 2361 795 2436 nihil
813 2363 856 2439 ed
879 2363 996 2461 ipsum
1024 2363 1206 2453 attinebat,
1227 2385 1348 2439 omues

335 2493 461 2593 ingenii
488 2517 611 2571 nervos
629 2496 807 2573 intendere
828 2504 862 2573 et
887 2489 974 2596 unus
994 2505 1157 2574 exenium
1181 2495 1348 2592 perficere

338 2629 461 2725 potuit.
