3117 5042
637 555 821 628 ..55-

268 732 405 806 Numen
429 727 625 820 cerinthus,
647 727 740 827 quod
763 729 798 803 in
820 751 862 804 en
882 728 957 804 luen
974 729 1078 805 italici
1099 729 1233 807 redires
1295 748 1300 754 ·

221 865 350 955 lerunt,
368 887 410 940 ex
430 863 711 962 interpretatione
725 863 877 962 quadam
893 885 986 939 nune
1000 863 1123 939 inserta
1139 887 1233 942 nune

221 998 362 1098 expulsa
384 1007 498 1073 ortum
514 1007 585 1091 est;
608 997 698 1074 unde
718 998 867 1073 numinis
881 998 940 1072 illa
956 997 1144 1075 diversitas.
1162 1000 1231 1076 Sed

220 1153 261 1210 ex
278 1134 351 1232 ipsa
371 1110 565 1208 diversitate
587 1156 698 1208 unum
718 1140 822 1230 alque
843 1133 1006 1209 eumtlem
1027 1132 1231 1209 cerinthum

219 1278 257 1344 et
272 1271 466 1344 Cornutum
482 1266 585 1342 luisse
602 1266 732 1343 inferre
750 1290 945 1366 pessumus.

268 1404 389 1502 Atqui
412 1403 453 1478 fit
476 1409 513 1476 ut
532 1403 641 1503 elegia
669 1403 726 1477 illa
750 1401 904 1478 seeunda
926 1401 1068 1478 secundi
1094 1401 1172 1476 libri
1194 1426 1231 1480 se

214 1537 444 1613 insinuaverit
470 1540 506 1613 in
539 1537 666 1612 librum
690 1537 831 1612 omniun
859 1536 1013 1611 alienum
1036 1546 1073 1612 et
1098 1537 1136 1610 in
1162 1559 1231 1635 que

217 1689 335 1748 rerum
352 1672 524 1764 ordinem,
539 1673 666 1748 scilieet
683 1671 835 1749 Nemesis
848 1671 1038 1763 historiam,
1056 1671 1232 1767 inopinata

220 1807 351 1905 rumpit
365 1816 399 1883 et
416 1813 597 1882 moratur?
616 1805 705 1896 Quia
725 1806 873 1906 elegiam
897 1806 990 1880 illam
1015 1807 1231 1882 committere

221 1942 402 2017 voluerunt
436 1965 517 2016 eum
551 1941 653 2016 tertia
680 1941 837 2041 ejusdem
866 1940 944 2015 libri
973 1963 1051 2038 qum
1086 1940 1229 2015 Cornuti

218 2099 357 2175 quoque
380 2098 505 2153 nunren
528 2074 682 2175 praefert,
707 2075 865 2174 quamvis
890 2075 933 2150 ad
950 2075 1104 2150 Nemesis
1121 2074 1229 2150 hislo-

220 2211 306 2286 riam
327 2211 511 2310 pertineat.

265 2345 356 2422 Fieri
390 2354 509 2422 tamen
543 2353 654 2444 potest
687 2354 724 2420 ut
750 2344 863 2442 elegia
892 2345 949 2446 illa
971 2343 1124 2419 secunda
1148 2343 1227 2418 libri

218 2481 360 2558 seeundi
389 2481 434 2556 ab
461 2481 682 2579 ipsnlibulln
710 2480 794 2555 huie
822 2480 908 2555 libro
926 2479 1090 2579 adjuncta
1108 2479 1226 2555 fuerit.

218 2618 387 2706 Quartum
425 2615 555 2690 librum
593 2623 668 2712 pest
701 2622 850 2691 mertem
886 2620 996 2713 poetae
1032 2639 1053 2691 a
1085 2637 1228 2714 eompu-

218 2751 320 2827 sitore
350 2749 503 2849 qundam
533 2750 715 2827 collectum
741 2759 778 2827 et
802 2750 935 2827 editum
962 2774 1034 2828 esse
1060 2751 1223 2829 diximus.

216 2885 383 2976 Tibullus,
407 2885 466 2984 qui
496 2885 689 2962 seeundum
713 2862 935 2963 librnmnnn
958 2886 1148 2984 perfecerat
1166 2888 1225 2964 sed

218 3026 254 3095 nt
273 3020 605 3123 aderet-paraverat,
628 3022 718 3097 inter
742 3045 806 3096 sua
829 3022 985 3097 earmina
1004 3022 1046 3097 de
1063 3023 1226 3120 Sulpiciae

217 3162 371 3230 amatore
386 3156 497 3230 sulum
512 3155 546 3228 in
562 3156 714 3231 seeundo
728 3155 816 3230 libro
830 3156 1015 3233 admiserat
1027 3157 1120 3255 quod
1133 3159 1227 3232 salva

217 3289 360 3364 Cornuti
381 3290 585 3380 reuerentia,
610 3289 761 3364 Messalae
787 3299 871 3366 tune
897 3291 1059 3390 conjugio
1082 3292 1226 3390 propin-

216 3447 306 3521 quus
327 3423 422 3516 faeti,
450 3424 505 3499 edi
530 3432 675 3523 poterat,
693 3424 822 3500 seilicet
839 3424 882 3500 de
905 3424 1008 3500 natali
1028 3426 1083 3502 die
1103 3435 1225 3524 gratu·

217 3557 379 3634 lationem
395 3561 417 3632 ¹.

266 3693 352 3784 Quis
365 3716 447 3770 vern
470 3695 643 3770 Cornutus
661 3703 735 3771 erat
758 3718 853 3771 nune
871 3697 1132 3796 requirendum.
1151 3702 1225 3777 Nn-

219 3851 296 3904 men
314 3829 396 3905 illud
411 3831 531 3905 Romae
545 3829 636 3928 apud
654 3831 780 3905 multus
799 3831 977 3932 clarasque
993 3842 1113 3934 gentes
1131 3835 1225 3911 inve-

251 4125 277 4179 l.
299 4123 339 4180 cf.
355 4124 469 4196 Teullel,
480 4125 602 4185 Studien
614 4127 675 4185 end
686 4127 840 4199 Cluralct„
853 4146 881 4203 p.
897 4127 960 4186 368.
