3117 5042
809 551 987 620 ..76-

437 721 591 798 Messulre
609 722 852 822 panegyricus,
874 746 962 820 opus
980 724 1145 823 juvenile,
1161 737 1273 825 poetae
1290 731 1405 820 inilia,

389 858 496 948 nisus,
513 857 746 933 dubitationes
774 857 922 934 ostendit
947 867 983 934 el
1012 861 1188 937 multe-de
1220 865 1296 964 ejus
1320 866 1402 954 vile,

390 991 516 1079 indole,
532 991 645 1090 primo
661 992 790 1092 ingenii
806 992 911 1068 ductu
927 993 1053 1070 indicia
1065 997 1207 1092 prebet.
1222 1001 1260 1072 ln
1277 1022 1319 1074 eo
1333 1001 1406 1075 solo

389 1127 544 1204 Tibullus
571 1126 772 1204 hexametro
802 1149 903 1203 versu
934 1153 1015 1203 usus
1042 1138 1114 1224 esl;
1136 1154 1232 1231 ergo,
1264 1133 1291 1207 si
1319 1133 1409 1209 desit

389 1263 474 1338 illud
491 1284 628 1360 poema,
643 1285 721 1360 pars
738 1262 929 1353 tiliullienae
942 1265 1025 1339 erlis
1038 1264 1137 1340 nobis
1149 1266 1267 1366 ignole
1279 1267 1323 1342 sit
1342 1290 1407 1344 nec

390 1406 528 1494 poetam
550 1397 724 1472 videamus
737 1419 773 1472 se
788 1405 1007 1474 exercentem
1020 1397 1054 1470 in
1070 1397 1175 1474 nobili
1195 1395 1253 1473 illo
1264 1392 1408 1475 heroico

392 1553 506 1625 versu,
527 1531 807 1628 praestantissimo
829 1520 1239 1607 latinorum‘cerminum
1253 1555 1403 1632 genere,

391 1686 461 1762 qno
489 1666 694 1758 Lucretius,
734 1665 915 1758 Catullus,
953 1667 1117 1766 Virgilius
1154 1667 1403 1742 excelluernnl.

391 1801 539 1875 Mullum
564 1800 660 1875 obest
684 1810 722 1876 ut
746 1801 918 1898 optimum
944 1801 987 1875 sil
1010 1824 1073 1877 nec
1097 1802 1172 1900 ejus
1196 1801 1347 1900 pretium
1371 1803 1406 1876 in

395 1935 506 2034 majus
524 1935 797 2023 celebrabimus3
816 1936 849 2011 ei
870 1944 984 2011 temen
1005 1936 1097 2011 unici
1116 1937 1264 2035 exempli
1286 1946 1406 2012 eneto-

395 2071 477 2145 riles
493 2079 556 2147 est.
853 2153 856 2156 ,

384 2279 390 2286 .
444 2205 618 2282 Alcontm
635 2228 815 2304 nunquam
828 2207 931 2281 nimis
944 2207 1055 2283 extolli
1071 2214 1234 2305 polerunt
1245 2206 1326 2282 duee
1337 2207 1408 2301 [illue

394 2341 588 2416 carminum
604 2341 801 2439 seriesque
822 2342 857 2414 in
873 2342 1037 2438 Sulpiciae
1056 2350 1088 2417 el
1106 2340 1260 2416 Ceriulhi
1278 2342 1408 2416 emori-

386 2476 459 2555 bus
473 2485 663 2551 versantur.
686 2478 723 2550 ln
741 2477 794 2550 his
805 2477 898 2552 euim
914 2475 1055 2552 maximi
1070 2477 1170 2575 pretii
1188 2506 1205 2545 «
1221 2476 1410 2552 documen·

327 2631 328 2634 ’
395 2618 499 2686 turn»
518 2633 651 2686 necnon
670 2609 866 2685 mirandum
877 2633 963 2709 opus
973 2611 1231 2700 uuehubemus.
1246 2610 1409 2709 Sulpiciae

397 2745 552 2820 carmina
569 2745 741 2842 cupidinis
755 2747 899 2820 sincere
915 2752 949 2825 el
963 2745 1138 2820 insolentis
1152 2753 1233 2819 sunt
1248 2745 1409 2820 testimo-

388 2881 468 2972 nia,
499 2880 625 2980 quibus
643 2881 797 2957 mulieris
825 2879 917 2955 hand
952 2880 1103 2978 vulgaris
1131 2902 1191 2954 cor
1217 2888 1252 2955 el
1277 2879 1410 2958 indoles

398 3015 584 3106 nudentur,
607 3024 640 3092 el
664 3016 877 3091 illustrentur
896 3015 1029 3090 romani
1049 3037 1165 3090 mores
1187 3016 1411 3114 vergentibus

396 3151 432 3226 in
450 3150 555 3227 finem
568 3151 685 3227 liberm
699 3150 898 3249 reipublicae
918 3150 1143 3248 lemporibus.
1160 3149 1312 3224 Tibullus
1330 3173 1411 3225 vero

397 3310 501 3362 omne
515 3286 690 3386 ingenium
707 3287 739 3360 in
750 3285 977 3383 explicatione
990 3285 1096 3384 huJ'us
1107 3284 1302 3385 argumenti
1316 3294 1410 3382 pelc-

301 3492 307 3504 .
401 3423 592 3500 lecitelsex
606 3423 673 3497 illae
685 3421 808 3521 elegiae
820 3419 1320 3520 (adjunctosecundocermiue
1334 3419 1410 3493 libri

399 3559 552 3656 secundi)
565 3559 650 3633 nulli
665 3580 787 3634 earum
802 3555 931 3638 cedunt
946 3579 1023 3653 quoe
1038 3554 1073 3628 in
1088 3553 1211 3630 celeris
1226 3553 1321 3628 libris
1336 3553 1413 3651 pul-

401 3694 584 3771 cherrimae
613 3693 853 3783 inveniuntur;
873 3690 1063 3764 maximum
1091 3695 1228 3787 poelem
1254 3710 1290 3762 se
1305 3689 1340 3762 in
1357 3688 1412 3764 illo

402 3851 508 3929 perro
520 3829 578 3904 sed
589 3827 726 3927 egregio
738 3849 842 3926 opere
855 3816 997 3924 probel.
1155 3909 1158 3915 ¹

393 4039 398 4048 .
451 3955 1414 4063 CarminedeniquedeGlycernnovemnobisetjucun-

403 4099 577 4178 dissimum
596 4098 723 4174 amoris
750 4092 1064 4172 lormemofferunt
1092 4091 1126 4164 in
1155 4090 1213 4165 illo
1241 4090 1413 4189 poetaqui
