3117 5042
815 593 994 665 ..pp-

396 761 541 858 scriptos
553 773 625 836 esse
639 757 692 833 uel
703 757 868 856 suspicari
883 758 1001 855 possit.
1014 757 1164 832 Baebius
1177 759 1200 848 ¹,
1216 752 1409 847 uissenus2,

398 891 658 993 Hertzbergius³
673 891 829 990 quinque
846 914 914 982 res,
931 891 980 967 sio
996 891 1040 965 ab
1058 876 1414 966 nautatiot'breviter

398 1027 580 1126 repetitas,
610 1025 801 1125 objiciunt:
829 1055 846 1094 «
864 1025 1021 1099 Primum
1041 1025 1150 1099 niania
1168 1033 1201 1100 et
1221 1047 1322 1122 paene
1341 1047 1414 1100 ser-

399 1162 472 1236 vilis
492 1160 677 1248 modeslia3
698 1159 944 1235 deindenimia
957 1159 1158 1236 adulatio'et
1172 1159 1290 1257 inepta
1302 1159 1415 1234 laudis

397 1295 639 1396 exaggerati03
660 1302 735 1369 tum
760 1294 872 1368 malus
900 1317 979 1369 usus
1001 1293 1189 1384 doctrinae3
1212 1302 1289 1391 post
1307 1316 1413 1391 prava

398 1451 513 1506 rerum
544 1428 758 1521 distribuli03
780 1427 825 1503 ad
843 1433 1035 1504 extremum
1063 1426 1154 1504 nala
1182 1426 1313 1503 indoles
1339 1449 1415 1501 ora·

396 1563 550 1641 tionis.»

448 1700 485 1773 Si
510 1699 588 1772 haec
613 1696 730 1772 omnia
749 1697 885 1796 objecta
908 1697 943 1771 in
962 1697 1162 1774 universnm
1188 1691 1412 1790 aestim'emus,

401 1831 609 1930 respondere
628 1830 797 1929 possimus
814 1831 880 1908 hac
898 1832 1069 1908 sententia
1081 1854 1182 1930 quarn
1203 1825 1296 1908 idem
1314 1833 1415 1906 Han-

400 1965 510 2040 lrelius
526 1965 585 2040 tali
604 1962 713 2064 ferme
734 1965 838 2041 rnodo
857 1966 1071 2042 enuntiavit:
1111 1968 1180 2041 «ln
1200 1989 1242 2044 eo
1256 1966 1412 2042 nonnulli

402 2099 608 2189 baudrecto
628 2098 788 2199 judicare
812 2101 899 2175 mihi
919 2101 1093 2192 videnlur,
1112 2100 1206 2199 quod
1226 2101 1322 2177 obliti
1337 2124 1414 2199 quae

403 2235 446 2310 sit
459 2257 575 2311 renuam
588 2234 824 2310 humanarum
833 2235 997 2323 conditio,
1013 2236 1189 2336 nimiaque
1203 2232 1416 2334 'antiquitatis

583 2488 641 2548 Quis
654 2488 779 2539 tardamue
792 2489 878 2539 sudem
897 2488 984 2539 melius
997 2473 1135 2539 telenense
1146 2486 1260 2554 sagittam

581 2559 673 2610 lecerit
685 2564 728 2610 aut
741 2561 807 2610 lento
820 2560 964 2625 perfregerit
977 2561 1048 2611 obvia
1061 2561 1120 2623 pilo.

487 2698 535 2755 tut
552 2697 586 2754 ad
598 2698 679 2754 finem
691 2714 700 2755 t

582 2847 650 2905 Quod
667 2846 711 2896 libi
726 2846 747 2896 si
758 2861 844 2898 versus
857 2853 948 2909 noster,
960 2853 1054 2901 totusue
1068 2849 1190 2915 minusve,

583 2917 626 2966 Vel
640 2921 704 2967 liene
719 2918 750 2967 sit
758 2923 843 2985 notus,
854 2934 948 2970 summo
958 2922 996 2970 uel
1009 2922 1129 2971 inlroereat
1141 2936 1194 2984 ore,

582 2989 653 3038 Nulla
663 2990 723 3038 milti
736 2995 843 3041 statuent
855 2990 929 3040 linem
945 2996 969 3041 ta
987 2992 1037 3042 lata
1055 2993 1169 3046 canendi.

583 3060 646 3118 Quin
660 3062 734 3111 etiam
751 3075 807 3111 mea
818 3076 875 3112 cum
889 3064 1000 3112 tumulus
1012 3064 1147 3114 contexerit
1155 3077 1221 3124 ossa,

583 3131 630 3181 Seu
645 3136 739 3181 matura
754 3133 807 3183 (lies
821 3136 926 3184 celerem
940 3140 1054 3199 properat
1065 3136 1125 3185 mihi
1142 3141 1256 3198 mortem,

525 3227 528 3232 ·
583 3202 664 3266 longa
678 3209 760 3254 manet
771 3219 815 3255 seu
830 3205 888 3264 vita,
904 3215 986 3255 tamen
1000 3211 1093 3258 mutata
1107 3207 1185 3271 ligura

584 3274 631 3323 Seu
642 3289 681 3324 me
692 3275 768 3340 linget
781 3290 870 3338 equum
883 3277 975 3340 rigidos
990 3292 1134 3340 percurrere
1148 3292 1247 3342 campos

589 3345 694 3395 Doctum
709 3361 753 3396 seu
772 3347 837 3397 tardi
850 3349 946 3410 pecoris
958 3349 1003 3398 sim
1018 3350 1096 3413 gloria
1105 3354 1191 3399 taurm

584 3416 640 3466 Sive
653 3431 699 3482 ego
713 3433 757 3482 per
773 3419 893 3481 liquidum
902 3422 1007 3470 volucris
1018 3423 1094 3471 uehar
1107 3435 1164 3471 aera
1174 3421 1270 3485 pennis,

586 3491 795 3553 Quandocumque
804 3491 929 3540 hominem
943 3505 982 3542 me
995 3492 1068 3558 longa
1078 3493 1199 3556 receperit
1207 3497 1277 3559 tatas,

587 3560 692 3623 inceptis
704 3561 735 3610 de
753 3566 777 3611 te
796 3563 924 3613 subtexam
939 3563 1048 3614 carmina
1063 3564 1162 3614 chartis.

445 3700 471 3754 l.
483 3698 620 3770 ¹Epistola
638 3699 747 3759 critico
770 3701 804 3757 io
826 3701 983 3772 Tibullum,
1003 3703 1282 3761 Pseudo-Tibullum
1303 3706 1332 3760 el
1348 3703 1420 3761 Pro·

365 3833 368 3840 ,
407 3787 548 3860 peruium,
564 3785 669 3852 Gotho,
685 3789 766 3844 1811.
1230 3811 1235 3820 ·

443 3873 470 3930 l.
491 3875 643 3932 comment.
661 3876 688 3931 in
715 3877 819 3934 Tibulli
848 3878 932 3952 eleg„
957 3879 984 3935 in
998 3881 1202 3955 supplemento
1224 3882 1291 3939 edit.
1316 3890 1419 3956 quartae

410 3963 476 4021 Chr.
491 3963 587 4038 Heynii
603 3972 630 4020 et
644 3964 673 4021 F.
686 3963 902 4036 Wunderliohii‚
913 3969 1022 4044 lipsiae,
1040 3972 1205 4028 1817-1819.

445 4053 472 4109 3.
492 4053 829 4126 Hcllisclelalrbttclt„
842 4058 922 4126 1881,
939 4067 958 4114 1.
972 4058 995 4127 Ι,
1011 4058 1088 4125 1009,
1104 4077 1146 4131 sq.

448 4143 475 4198 l.
493 4143 534 4199 De
546 4158 689 4217 pcneppr.
705 4146 736 4203 io
749 4147 836 4205 Meas.
854 4146 961 4216 tibull,
976 4164 1003 4220 p.
1019 4147 1063 4205 15.
