3117 5042
368 749 412 822 R.
442 741 714 830 Tornoblatius¹,
752 739 792 812 C.
822 735 1036 834 Stumpius²,
1067 739 1107 812 L.
1139 735 1298 813 Bollius³.
1339 737 1379 810 lu

369 879 436 954 hoc
459 874 708 973 indioegallioa
734 871 875 946 nomina
900 870 1152 958 desiderentur,
1177 871 1203 945 si
1224 869 1380 968 prolerre

369 1033 437 1088 non
457 1008 627 1108 possimus
652 1004 865 1081 doctissimos
889 1003 977 1079 duos
1003 1004 1094 1079 viros
1110 1004 1170 1102 qui
1198 1004 1241 1079 de
1259 1003 1383 1077 litteris

369 1144 482 1234 latinis
525 1152 559 1219 et
591 1140 779 1240 praesertim
814 1138 857 1214 de
893 1138 996 1237 elegis
1034 1139 1224 1215 recentiore
1255 1137 1382 1212 saeculo

372 1284 594 1365 merueruut;
613 1274 741 1349 scilicet
763 1274 803 1348 C.
816 1273 855 1347 F.
872 1273 1043 1371 Fraguier
1057 1282 1092 1348 et
1107 1274 1187 1348 aa.
1205 1271 1381 1370 Soucbay,

372 1409 566 1488 Academiae
588 1407 855 1504 lnseriptionum
882 1415 917 1481 ot
945 1406 1151 1482 Liberalium
1173 1406 1382 1481 Litterarum

373 1545 458 1618 dum
486 1543 645 1617 vivebant
663 1540 808 1630 sodales,
823 1540 967 1615 eximias
987 1540 1234 1638 disputationes
1265 1539 1383 1614 edide-

373 1683 467 1765 runt,
486 1675 519 1748 in
537 1674 662 1771 quibus
683 1696 790 1771 opera
806 1672 933 1748 Tibulli
951 1696 1032 1748 cum
1047 1696 1185 1748 summa
1204 1673 1386 1770 prudentia

372 1809 552 1907 etoptimo
581 1807 710 1906 judicio
727 1807 924 1906 disquirunt
935 1807 961 1882 ⁴.
990 1809 1105 1906 Nuper
1133 1811 1166 1883 J.
1203 1808 1385 1906 Souryde

373 1942 597 2018 celeberrima
609 1949 720 2039 poetae
737 1942 863 2032 amica,
885 1942 980 2017 Delia
996 1942 1150 2032 nomine,
1163 1941 1382 2016 disserebat⁵.

373 2075 530 2172 Denique
555 2073 609 2149 uir
633 2074 848 2150 doctissimus
872 2077 913 2148 E.
946 2075 1100 2165 Bennist,
1126 2075 1275 2172 quitum
1298 2074 1387 2149 bene

374 2216 492 2283 nostra
509 2215 610 2283 aetate
633 2207 676 2283 de
698 2209 805 2282 nrusis
835 2209 950 2283 latinis
969 2200 1078 2285 r'neret
1106 2210 1274 2308 cujusque
1300 2208 1388 2282 inter

375 2341 560 2439 discipulos
588 2364 644 2416 me
674 2341 774 2417 fuisse
799 2343 940 2441 glorior,
962 2341 1187 2441 nuperrime⁶
1212 2343 1246 2416 in
1265 2341 1390 2416 Facul-

375 2483 445 2549 tate
474 2475 681 2549 Litterarum
715 2475 896 2550 Parisiensi
938 2477 1061 2551 Tibulli
1082 2477 1160 2551 vitae
1189 2485 1221 2552 el
1256 2475 1389 2573 seriptis

375 2609 568 2704 impensam
588 2631 731 2706 operam
751 2609 857 2684 dedit.
880 2610 949 2683 Etsi
963 2611 1038 2708 ejus
1062 2611 1300 2708 praelectiones
1320 2631 1387 2682 non
1478 2634 1481 2638 ⁴

377 2739 490 2814 adbuc
507 2740 656 2816 collectae
669 2765 733 2816 nec
745 2743 834 2841 typis
847 2743 1017 2819 mandatae
1029 2743 1232 2835 sint,tamen
1247 2766 1290 2817 en
1302 2742 1390 2816 notis

377 2896 398 2947 a
415 2895 470 2947 me
486 2874 787 2972 subscriptis,dnm
802 2877 1005 2951 lectionibus
1024 2877 1088 2950 illis
1101 2878 1300 2967 intereram,
1312 2877 1392 2974 ple-

348 3005 352 3012 ’
378 3029 486 3103 raque
502 3028 687 3105 excerpere
709 3010 805 3106 potui
834 3034 913 3108 quae
931 3011 965 3084 in
988 3011 1143 3108 sequenti
1161 3010 1390 3107 disputatione

378 3130 564 3228 proferam.
581 3134 699 3230 Siqua
716 3133 808 3208 bona
826 3135 897 3210 sint
910 3136 1041 3233 optimo
1059 3135 1237 3234 magistro,
1254 3135 1281 3208 si
1302 3133 1391 3208 mala

379 3265 464 3338 mihi
484 3265 668 3340 tribuenda
687 3277 779 3342 sunt.

415 3487 441 3542 t.
461 3487 604 3560 Deelepiis
617 3490 757 3561 Lppdonci
769 3493 982 3561 commentatio,
993 3491 1111 3560 Calmar,
1126 3489 1205 3548 1861.

413 3575 439 3630 d.
460 3577 503 3632 De
514 3579 654 3649 qudunn'
666 3581 715 3651 qui
728 3585 849 3638 vocatur
862 3583 971 3652 elepiis,
983 3581 1059 3637 Halis
1073 3582 1220 3647 Saxonum,
1236 3576 1315 3635 1827.

416 3663 440 3718 3.
461 3665 504 3721 De
516 3667 658 3736 Lyqdumi
676 3670 862 3738 carminibus,
874 3670 1019 3743 Gottingae,
1032 3669 1111 3725 1872.

413 3753 439 3806 t.
460 3753 605 3812 Mentoreos
622 3756 655 3812 de
672 3756 846 3816 l’Acode'mte
859 3760 906 3815 des
920 3759 1150 3830 inscriptionem
1164 3756 1391 3824 Belles-Leltrcs,

375 3850 400 3904 t.
417 3839 461 3910 Vl,
473 3859 499 3914 p.
512 3842 563 3898 277
580 3853 606 3899 et
622 3861 695 3917 sqq,
712 3855 730 3901 t.
744 3847 800 3916 llll,
817 3866 843 3922 p.
861 3849 913 3904 335
929 3857 955 3904 et
970 3849 1033 3915 384,
1045 3864 1106 3921 sqq.

416 3929 453 4072 bb
463 3931 506 3987 Lo
518 3932 604 4076 8qulio
616 3935 649 3990 de
666 3935 823 4006 libellam
838 3938 867 3993 to
880 3939 970 3993 deone
985 3938 1031 3993 des
1044 3933 1270 4001 neue-Mondou,
1281 3934 1318 3988 1⁸¹
1331 3947 1392 4004 sep·

380 4026 435 4073 tem
456 4022 512 4074 rel
574 4063 579 4076 .

417 4107 443 4162 6.
464 4107 513 4164 Sex
527 4108 623 4182 primis
636 4112 778 4168 mensibus
792 4113 858 4169 anni
874 4112 1003 4170 scholast.
1021 4111 1184 4170 1875-1876.
