3117 5042
775 685 953 758 ..34-

356 859 507 962 ponitur,
536 858 679 932 minime
715 857 916 955 accipienda
949 862 1104 954 apparet.
1137 855 1174 930 Si
1200 854 1295 930 enim
1329 854 1363 927 in

354 989 1361 1089 rhetorisscholaadolesccnsquidam,seexercendicausa,

353 1127 539 1227 quemdam
553 1127 697 1225 Augusti
712 1126 864 1203 amicum
878 1124 955 1212 sibi,
974 1133 1011 1200 ut
1027 1146 1101 1201 mos
1112 1132 1200 1213 erat,
1222 1122 1364 1204 laudan-

353 1263 437 1337 dum
457 1261 698 1360 proposuisset,
721 1259 903 1335 materiem
919 1269 1011 1334 certe
1029 1258 1116 1334 adeo
1131 1258 1255 1333 exilem
1270 1256 1362 1332 haud

352 1396 522 1494 elegisset,
549 1395 634 1470 dum
658 1402 709 1469 tot
736 1394 801 1467 illis
820 1392 1032 1499 temporibus
1065 1392 1128 1467 viri
1157 1392 1365 1467 exstitissent

297 1566 300 1571 ·
352 1552 500 1628 quorum
526 1529 594 1603 vite
616 1529 723 1602 multo
754 1528 941 1626 largiorem
979 1526 1146 1603 laudatori
1179 1527 1361 1624 praeberet'.

349 1665 480 1760 Nempe
507 1664 658 1754 Messala,
685 1663 747 1739 etsi
767 1686 829 1737 sua
855 1671 956 1738 aetate
983 1662 1307 1758 praestantissimum
1328 1663 1362 1736 iu

351 1800 488 1874 civitate
515 1798 630 1872 lacurn
660 1797 862 1886 obtinuerit,
888 1804 1006 1872 tamen
1030 1796 1126 1872 haud
1141 1797 1364 1873 annumerari

352 1943 463 2032 potest
487 1933 575 2007 inter
597 1953 749 2007 summos
765 1931 1025 2029 illosrirosqui,
1043 1932 1088 2007 ob
1105 1932 1241 2032 egregie
1257 1931 1362 2023 lacta,

255 2085 257 2090 ·
351 2066 510 2142 laudibus
536 2066 636 2142 facile
656 2066 868 2142 extolluntur
889 2073 924 2140 et
945 2089 1032 2163 quos
1051 2066 1094 2141 ob
1120 2089 1197 2141 eam
1221 2078 1361 2142 causam

351 2202 610 2293 adolescentuli,
638 2223 720 2276 cum
743 2200 924 2276 rhetoricae
956 2200 1108 2291 student,
1136 2201 1279 2299 eligunt.
1312 2202 1364 2303 Sit

352 2345 466 2412 tamen
482 2345 520 2411 ut
534 2335 731 2411 adolescens
743 2335 798 2409 ille
815 2334 993 2410 Messalam
1008 2335 1189 2434 delegerit,
1206 2329 1363 2411 novitatis

352 2480 386 2547 et
415 2470 604 2546 insolentiae
629 2469 790 2567 cupidine
810 2469 960 2566 quadam
988 2469 1138 2545 ductus:
1162 2493 1246 2545 num
1272 2471 1362 2546 reri·

351 2604 462 2680 simile
488 2612 539 2678 est
570 2604 668 2678 illum
696 2603 829 2678 nullam
861 2601 980 2679 lenisse
1012 2604 1223 2680 mentionem
1244 2628 1360 2681 rerum

351 2737 453 2820 laude
478 2738 659 2836 dignarum
687 2760 773 2834 quas
802 2739 942 2812 Messala
972 2747 1104 2835 posta.
1135 2739 1205 2812 7‘23
1233 2740 1363 2838 gessit?

349 2873 424 2948 Non
440 2873 551 2947 solnm
571 2872 616 2945 ab
637 2894 678 2947 eo
697 2869 790 2947 facta
811 2895 881 2947 non
903 2872 1158 2963 memoravisse,
1175 2873 1233 2953 sed
1258 2874 1363 2948 etiam

351 3029 429 3105 quaa
444 3029 513 3082 non
526 3004 707 3082 factasunt
723 3013 933 3105 auguratum
945 3029 1033 3097 esse,
1044 3005 1172 3082 scilicet
1183 3008 1361 3082 Messalam

351 3142 386 3214 iu
415 3141 542 3229 Gallia,
575 3140 751 3238 Hispania,
783 3142 933 3240 AEgypto
960 3140 1139 3217 bellarisse
1166 3149 1202 3217 et
1226 3143 1360 3228 Persas,

350 3274 508 3365 Parthos,
523 3275 705 3351 Britannos
715 3275 749 3349 in
761 3297 942 3349 romanam
957 3280 1159 3371 potestatem
1168 3275 1362 3376 redegisset

398 3411 469 3486 Nec
486 3411 595 3509 magis
610 3409 732 3507 conjici
749 3416 860 3506 potest
874 3409 1048 3485 rhetorem
1069 3411 1133 3484 sibi
1145 3411 1359 3509 proposuisse

347 3545 511 3644 juvenem
552 3542 751 3642 quemdam,
797 3543 895 3617 bonis
932 3541 1147 3642 fortunisque
1185 3544 1358 3634 orbatum,

350 3678 516 3753 auxilium
536 3701 557 3751 a
572 3677 713 3752 Messala
727 3687 765 3751 ut
783 3676 1012 3752 redderentur
1026 3679 1269 3774 postulantem.
1287 3679 1360 3754 Ma·

350 3813 402 3910 gis
424 3813 516 3888 enim
534 3813 586 3887 rel
601 3813 780 3904 Maecenas,
799 3812 851 3887 vel
865 3812 1032 3911 Agrippa,
1044 3815 1102 3896 ,rel
1114 3813 1184 3910 ipse
1201 3815 1361 3889 Octavius

349 3945 549 4046 deligendus
575 3954 663 4036 erat,
698 3947 809 4045 major
836 3934 930 4022 enim
961 3956 1049 4041 erat,
1079 3972 1147 4037 non
1173 3949 1281 4023 solum
1316 3949 1359 4024 ad

349 4080 529 4180 ingenium
552 4079 786 4155 exercendum
810 4082 967 4171 materia,
991 4082 1051 4157 sed
1071 4083 1142 4158 reri
1162 4084 1305 4180 species.
1324 4083 1358 4158 Si

349 4239 430 4292 vcro
460 4214 632 4290 Tibullum
662 4215 773 4312 ipsum
804 4215 839 4288 in
863 4237 999 4291 scenam
1033 4217 1150 4293 rhetor
1172 4217 1360 4315 producere
