3117 5042
596 727 640 738 ...
662 685 709 757 33
728 725 773 738 ..

175 858 401 935 ae'stimationo
419 857 590 957 perducti,
617 857 735 933 omnia
768 856 840 933 foro
866 865 1020 934 votorum
1046 859 1183 958 scripta,

175 1017 255 1093 quae
275 994 319 1069 ad
335 1002 488 1068 nostram
505 999 643 1068 astatum
656 1000 900 1090 pervenerunt,
919 991 1187 1092 perfectamque

176 1127 338 1205 omnibus
352 1127 505 1202 numeris
518 1126 673 1202 absoluta
693 1149 766 1202 osso
779 1127 970 1204 voluerunt.
983 1129 1056 1205 llao
1069 1136 1186 1204 autem

176 1264 284 1339 nimia
298 1263 426 1362 ingenii
446 1271 480 1338 ot
494 1262 630 1336 virtutis
644 1271 800 1338 votorum
814 1262 1041 1339 admiratione
1056 1262 1186 1337 lactum

175 1407 240 1489 ost,
258 1407 296 1473 ut
323 1397 491 1484 nonnulli,
506 1397 534 1470 si
549 1397 632 1494 quid
650 1395 844 1495 imperfecti
864 1397 917 1471 rol
939 1397 1050 1471 vitiosi
1067 1420 1188 1473 eorum

176 1533 330 1608 virorum
369 1531 510 1607 nomino
542 1528 731 1620 ferebatur,
767 1554 854 1630 quos
886 1541 1027 1630 proptor
1057 1532 1191 1630 reliqua

176 1666 303 1765 scripta
324 1665 601 1764 negabantsatis
619 1687 773 1762 unquam
792 1657 924 1739 laudari
941 1687 1053 1764 posse,
1075 1666 1188 1741 statim

177 1799 212 1874 id
230 1798 353 1875 laisum
378 1822 452 1875 osso
478 1797 670 1875 indicarent
693 1821 735 1873 ao
758 1799 917 1897 scriptori
942 1800 1149 1897 eriperent¹.
1167 1828 1183 1865 »

176 1933 273 2010 Haud
290 1933 390 2010 alitor
406 1933 450 2009 do
465 1934 673 2034 panegyrico
695 1955 731 2009 so
750 1956 806 2007 res
827 1933 945 2009 habet.
965 1933 1093 2008 Omnia
1112 1957 1191 2032 quaa

176 2069 329 2168 Herulus
359 2075 394 2144 et
425 2068 531 2143 aeteri
546 2067 727 2166 objiciunt,
757 2089 826 2142 non
853 2075 983 2157 vatent,
1012 2068 1075 2143 atsi
1098 2076 1191 2143 reolo

176 2201 424 2301 objicerentur,
445 2202 629 2300 quominus
648 2224 789 2277 carmen
807 2201 945 2277 Tibullo
958 2201 1184 2290 tribueretur,

177 2357 258 2410 nam
271 2335 387 2410 omnia
401 2335 460 2410 illa
472 2335 554 2410 vitia
568 2335 612 2411 ab
624 2335 770 2434 juvenili
784 2343 895 2433 poetaa
912 2344 1012 2411 astato
1027 2357 1191 2410 excusare

176 2492 296 2568 queas.
875 2475 877 2480 ’

224 2603 311 2692 Quas
327 2610 443 2679 tauron
459 2604 511 2679 vel
527 2611 620 2679 reolo
634 2626 702 2679 non
719 2603 869 2703 obJoota,
889 2603 942 2680 vol
958 2602 1061 2678 nimis
1075 2611 1190 2691 auota,

180 2744 217 2811 ut
261 2737 364 2833 plano
412 2744 693 2813 monstraverunt
738 2736 984 2837 Soaligorius²,
1011 2734 1190 2836 Volpius³,

179 2869 408 2962 Huschkius⁴,
420 2871 560 2948 Vossius
570 2873 596 2963 ⁵,
606 2871 857 2948 W.'l'oullelius
869 2871 896 2965 θ,
912 2873 952 2946 F.
968 2869 1190 2946 nantelius⁷.

177 3005 331 3094 Quorum
345 3005 488 3105 vestigia
501 3015 652 3098 sooutus,
669 3014 876 3106 argumenta
894 3005 1021 3106 quibus
1034 3027 1193 3104 panegy-

178 3139 269 3214 rious
290 3161 369 3215 voro
391 3140 591 3216 tibullianus
612 3140 679 3216 dici
692 3148 802 3238 potest
824 3140 974 3217 breuiter
987 3138 1193 3216 contrahere

179 3272 342 3348 conabor.

225 3407 349 3507 Haynii
369 3408 523 3508 primum
549 3409 762 3509 conjectura,
790 3430 872 3484 oum
896 3407 932 3482 in
958 3406 1192 3506 disquisitione

214 3703 239 3758 1.
259 3701 302 3762 Do
313 3717 419 3775 nonen.
434 3703 467 3760 iu
481 3705 564 3764 Mass.
579 3704 683 3769 trouu,
701 3720 729 3777 p.
744 3703 771 3761 3.

213 3790 239 3847 2.
257 3790 408 3848 Comment.
422 3792 451 3848 in
464 3791 614 3858 Tibullum,
631 3792 754 3861 Parisiis,
771 3792 850 3850 1577.

215 3879 240 3936 3.
261 3880 314 3949 ld„
334 3880 450 3949 Patavii,
468 3879 629 3940 1738-1755.

214 3969 241 4024 l.
262 3969 315 4036 ld.‚
331 3969 441 4042 Lipsioe‚
457 3970 536 4026 1819.

215 4057 241 4114 5.
262 4057 291 4113 ln
306 4056 467 4132 praelatione
482 4058 609 4116 translat.
626 4075 752 4132 german.
768 4057 829 4119 Tib.
844 4057 1012 4116 carminum.

214 4147 240 4202 6.
261 4148 384 4206 Studien
400 4149 462 4206 aad
477 4148 615 4208 Gbarulct.

216 4234 240 4290 7.
261 4237 303 4293 De
315 4251 423 4309 panea.
439 4238 472 4294 trs
488 4239 573 4298 Meos.
590 4237 683 4296 tibull.

304 4339 461 4380 notabuntur.
