3117 5042
813 497 990 566 ..42-

398 668 467 744 ries
496 692 568 745 esse
592 667 816 744 manifestum
842 679 892 745 est
908 672 931 760 ¹,
960 668 1132 766 appositas
1160 690 1229 743 non
1254 668 1408 768 junctas,

397 805 551 903 priorem
567 803 697 880 scilicet
716 803 759 878 ab
778 804 888 880 altero
908 826 1017 902 usque
1036 803 1078 878 ad
1096 811 1245 890 sextum,
1264 803 1411 879 alteram

397 962 478 1015 vero
497 963 518 1014 a
538 938 684 1036 septimo
709 962 816 1038 usque
838 938 882 1013 ad
909 937 1169 1013 duodecimum.
1186 937 1301 1013 Seurel
1316 939 1412 1013 enim

397 1077 592 1171 iterumque
618 1072 662 1148 dc
684 1071 805 1148 iisdem
826 1095 944 1148 rerum
964 1073 1149 1148 momentis
1171 1072 1305 1170 agitur3
1328 1073 1412 1171 quin

398 1209 506 1282 immo
519 1205 739 1282 manifestum
758 1215 809 1281 est
827 1215 1011 1306 utramque
1029 1228 1096 1281 non
1113 1206 1157 1281 ab
1175 1206 1296 1282 eodem
1310 1216 1414 1305 poeta

398 1348 580 1419 tractatam
600 1364 696 1446 osse3
711 1364 794 1416 narn
809 1341 907 1440 longe
921 1340 1100 1417 dissimiles
1114 1341 1205 1416 inter
1220 1365 1257 1416 sc
1273 1350 1413 1417 senten-

398 1478 470 1567 tiae,
487 1476 609 1565 oratio,
630 1499 685 1550 ars
703 1499 862 1550 vcmuum
879 1475 1142 1574 pangendorum
1161 1485 1342 1574 apparent.

443 1610 651 1685 insecundo
679 1611 845 1698 carmine,
868 1610 980 1707 primo
999 1610 1126 1685 scilicet
1149 1611 1273 1708 prioris
1296 1611 1409 1697 serici,

400 1745 527 1821 eximia
571 1744 730 1842 Sulpiciae
787 1752 947 1819 venustas
989 1744 1162 1819 laudatur.
1211 1746 1249 1820 ln
1295 1745 1410 1836 tertio,

401 1887 515 1977 pocta,
544 1878 705 1977 Sulpiciae
730 1879 882 1970 nomine,
914 1879 1067 1977 nequid
1093 1878 1257 1954 Cerintho
1275 1881 1414 1953 venanti

401 2012 531 2088 accidat
546 2020 623 2088 vota
643 2011 744 2087 iacit:
771 2036 928 2089 amorem
949 2015 1063 2111 puella
1081 2012 1242 2112 patefacit
1265 2013 1413 2111 velitque

401 2149 409 2220 i
415 2170 473 2244 psa
490 2170 552 2245 per
563 2155 696 2224 montes
708 2155 882 2224 amantem
897 2150 1007 2248 sequi.
1020 2152 1057 2223 ln
1071 2156 1195 2246 quarto
1207 2148 1413 2224 Corinthum

401 2282 556 2358 videmus
567 2283 640 2358 vice
654 2292 805 2359 suarota
816 2282 1000 2359 facientem
1013 2293 1051 2357 ut
1065 2291 1240 2383 aegrotans
1261 2283 1415 2380 Sulpicia

401 2418 443 2493 ad
477 2417 657 2494 sanitatem
695 2441 801 2516 quam
828 2416 1028 2494 brevissime
1055 2417 1186 2493 redeat.
1218 2420 1255 2491 ln
1292 2417 1414 2515 quinto

401 2551 555 2627 Corinthi
575 2551 721 2627 sormam
745 2552 899 2650 Sulpicia
920 2551 1052 2646 laudat,
1074 2560 1237 2626 mutuum
1255 2575 1413 2628 amorem

401 2685 582 2784 profitetur
609 2694 644 2761 et
668 2686 785 2762 dolero
816 2686 950 2762 videtur
973 2686 1066 2784 quod
1093 2685 1294 2762 Corinthum
1328 2686 1413 2784 quid

401 2827 495 2919 optet
512 2820 626 2918 palam
640 2819 755 2896 dicere
769 2820 911 2919 pudeat.
929 2823 967 2894 ln
984 2807 1256 2918 serto'denique,
1271 2821 1411 2908 lunoni,

403 2965 441 3031 ut
456 2955 541 3030 votis
556 2955 681 3048 faveat,
698 2956 849 3054 puellam
867 2955 948 3029 thus
961 2963 996 3031 et
1010 2955 1077 3030 liba
1095 2954 1298 3030 offerentem
1312 2962 1414 3066 pocta

438 3245 465 3296 1.
487 3240 595 3322 Primus
608 3240 746 3315 Gruppius
756 3240 880 3297 carmina
896 3239 945 3298 illa
961 3241 988 3298 in
1002 3241 1070 3299 duas
1084 3247 1178 3316 partes
1192 3239 1338 3298 dividenda
1352 3257 1414 3298 esse

400 3330 552 3401 contendit,
565 3329 593 3386 in
607 3329 678 3387 libro
692 3330 738 3404 qui
751 3331 806 3388 Dic
825 3331 968 3388 romische
987 3331 1083 3402 Elepic
1110 3330 1282 3400 inscribitur,
1302 3330 1413 3404 Lipsiae,

404 3419 482 3490 1838,
498 3435 526 3494 p.
535 3419 579 3476 tt.
594 3419 661 3484 Qum
670 3437 741 3477 nune
755 3419 854 3476 divisio
868 3420 903 3476 ab
916 3419 1043 3476 omnibus
1056 3418 1144 3476 doctis
1155 3419 1339 3494 virisaccepta
1354 3429 1411 3487 est3

404 3519 464 3566 eam
479 3515 571 3566 tamen
590 3507 730 3583 Knappius
751 3508 771 3564 l.
789 3526 812 3564 s.
830 3526 851 3564 s.
868 3508 974 3582 respuit
990 3516 1018 3564 ct
1041 3525 1057 3565 a
1078 3507 1187 3588 Tibullo
1210 3508 1270 3582 ipso
1291 3510 1413 3566 carmina

403 3597 563 3674 posterioris
577 3614 685 3672 quoquc
707 3598 789 3655 seriei
811 3598 934 3674 profecta
949 3615 1009 3654 esse
1024 3604 1126 3667 censet,
1138 3604 1310 3672 pactamque,
1324 3617 1337 3654 ‹
1351 3616 1413 3655 curn

406 3687 457 3744 sibi
472 3686 646 3761 proposuerit
670 3703 792 3744 amorem
816 3687 937 3746 Corinthi
952 3686 1133 3761 Sulpiciaeque
1146 3693 1274 3743 mutuum
1293 3688 1413 3744 carmine

405 3775 555 3845 celebrare,
573 3775 731 3850 priusquam
753 3777 856 3850 elegias
877 3777 941 3834 inde
958 3777 993 3833 ab
1016 3777 1102 3833 altera
1116 3793 1202 3850 usque
1220 3776 1255 3832 ad
1270 3778 1412 3852 septimam

407 3864 558 3938 scripserit,
572 3882 692 3931 amorem
706 3866 784 3923 illum
799 3866 988 3938 adumbrasse,
997 3883 1040 3936 ea,
1048 3884 1110 3941 quae
1120 3866 1148 3922 in
1156 3883 1250 3923 amore
1258 3866 1312 3924 -illo
1321 3866 1412 3940 magni

408 3964 485 4013 erant
499 3956 641 4025 momenti,
656 3957 683 4012 iu
700 3957 801 4013 scheda
821 3958 943 4015 breviter
971 3953 1161 4031 descripsisse}
1178 3974 1190 4010 )
1205 3957 1245 4027 (Ρ.
1256 3957 1312 4028 43.)
1325 3957 1413 4030 Argu·

406 4054 495 4104 menta
505 4045 605 4120 quibus
619 4045 688 4103 hauc
705 4046 860 4122 opinionem
875 4055 968 4104 tuetur
983 4046 1122 4103 levissima
1136 4054 1209 4102 sunt.
