3117 5042
583 637 628 648 ..
651 595 761 665 73*-

158 779 290 872 quanto
310 768 430 847 delore
451 771 484 844 in
505 767 673 868 perfidam
698 789 861 844 accensus
885 759 986 857 esset‚'
1006 767 1067 865 qui
1087 757 1174 864 lepi-

160 898 307 974 dissimis
322 896 477 972 versibus
491 903 530 970 ut
542 903 694 972 maneret
707 903 802 972 casta
818 892 1047 992 precabatur!

241 1126 289 1204 m,
304 1132 348 1204 tu,
366 1132 456 1204 casta,
472 1143 588 1208 precor,
601 1143 722 1188 maneas
735 1144 743 1187 ε
757 1125 911 1205 sanctique
926 1121 1050 1206 pudoris

283 1221 422 1285 Assideat
437 1230 537 1284 custos
549 1223 654 1284 sedula
666 1240 786 1305 semper
800 1241 887 1284 anus,
921 1217 924 1223 ’
1159 1224 1162 1228 ’

215 1363 217 1367 ·
243 1321 312 1384 llaec
326 1318 380 1382 tibi
394 1318 517 1383 fabellas
529 1320 639 1383 reserat
653 1321 810 1402 positaque
822 1321 946 1383 lucerna

283 1419 415 1482 Deducat
423 1418 511 1502 plena
526 1419 652 1482 stamina
667 1420 755 1499 longa
768 1418 855 1497 colu;

244 1515 282 1579 At
296 1517 376 1580 circa
389 1517 528 1598 gravibus
541 1519 643 1601 pensis
659 1516 746 1579 affixa
761 1516 860 1599 puella

286 1614 433 1678 Paulatim
449 1634 553 1679 somno
568 1613 647 1678 sessa
662 1616 794 1678 remittat
808 1632 895 1697 opus.

227 1713 320 1775 ium
336 1715 452 1776 reniam
468 1714 581 1794 subito,
594 1732 649 1777 nec
661 1715 820 1796 quisquam
836 1711 953 1776 nuntiet
966 1719 1047 1790 ante,

288 1812 346 1876 Sed
359 1813 461 1875 videar
475 1813 548 1876 calo
561 1812 671 1876 missus
684 1813 791 1876 adesse
806 1812 871 1875 tibi.
1041 1800 1044 1805 ’

246 1910 329 1972 Tunc
342 1911 427 1989 mihi,
441 1913 539 1992 qualis
551 1911 622 1990 cris,
640 1913 744 1991 longos
761 1910 876 1973 turltata
892 1908 1028 1991 capillos,

288 2006 379 2072 Obvia
395 2009 518 2088 nudate,
532 2009 629 2089 Delia,
646 2027 734 2072 curre
750 2007 855 2091 pede·
908 2036 911 2040 ⁴

249 2107 312 2170 llnc
325 2125 442 2188 precor,
456 2107 537 2169 hunc
550 2106 635 2170 illum
650 2106 735 2172 nobis
750 2107 865 2169 Aurora
878 2106 1023 2169 nitentem

289 2204 456 2268 Luciferum
472 2205 567 2270 roseis
580 2206 706 2269 candida
719 2212 817 2287 portet
829 2205 945 2287 equis¹.

218 2434 456 2509 Pulcherrima
472 2441 586 2508 tamen
603 2458 680 2532 qum
700 2433 742 2510 de
754 2435 900 2534 Glycera
915 2432 1088 2509 credimus
1107 2454 1183 2508 car-

171 2568 268 2642 mina
285 2575 377 2659 sunt,
390 2577 436 2660 et,
450 2568 607 2667 quamvis
618 2568 1181 2666 citissimeinterruptumamorem

171 2709 351 2794 testentur,
371 2726 452 2778 cum
469 2701 757 2800 praestantissimis
775 2709 886 2801 poetae
899 2701 1019 2800 elegiis
1032 2700 1185 2777 conferri

144 2857 146 2862 ·
171 2845 324 2934 possunt.
349 2836 450 2912 Prior
477 2837 587 2936 elegia
605 2837 636 2911 vi
665 2837 838 2937 praecipuo
855 2847 890 2914 et
907 2837 1033 2912 ardore
1059 2835 1187 2912 eximio

172 2971 300 3047 eminet
309 2999 318 3061 ;
352 2970 515 3070 quodque
542 2970 688 3046 verbum
720 2971 834 3063 facile,
857 2995 951 3063 acre,
973 2995 1094 3048 verum
1118 2977 1184 3062 est,

173 3106 319 3205 quisque
334 3129 450 3181 uersus
459 3105 611 3203 priorem
625 3113 738 3204 auget5
759 3106 806 3179 nil
820 3105 989 3181 redundat
1003 3106 1189 3204 omniaque

175 3238 218 3314 ad
246 3237 407 3315 effectum
440 3238 546 3315 tetius
570 3237 733 3313 carminis
751 3240 937 3337 pertinent.
957 3241 995 3312 ln
1018 3261 1060 3314 ea
1083 3238 1190 3334 spirat

177 3373 290 3449 llebile
306 3373 420 3448 nescio
437 3372 517 3471 quid
529 3381 563 3449 et
575 3373 678 3448 melle
694 3395 761 3471 quc
774 3373 920 3470 legentis
932 3372 1068 3446 animus
1086 3372 1191 3446 vehe-

179 3516 314 3583 menter
330 3516 567 3584 commovetur
581 3516 614 3583 et
638 3507 760 3582 meritc
778 3505 987 3584 Teuffelius²
1008 3506 1137 3580 nnllam
1155 3507 1189 3579 iu

179 3641 274 3715 omni
283 3642 519 3717 Romanorum
529 3642 622 3740 poesi
630 3663 749 3739 parem
760 3663 847 3730 esse,
862 3643 896 3713 in
907 3662 949 3715 ea
957 3639 1001 3714 ad
1011 3661 1189 3714 summum

181 3775 376 3872 peruenisse
395 3775 615 3851 tibullianum
644 3774 824 3877 ingenium
837 3774 982 3878 judicat.
1007 3775 1047 3851 ln
1072 3783 1191 3876 poste-

221 4061 245 4114 1.
266 4055 288 4123 l,
302 4059 329 4127 3,
343 4058 377 4116 83
393 4075 454 4133 sqq.

218 4145 244 4202 l.
266 4146 397 4217 Studien,
414 4165 440 4221 p.
457 4149 519 4206 370.
