3117 5042
603 554 816 627 -592

182 726 415 802 Pharsalicam
438 733 474 802 et
500 726 677 802 Actiacam
707 747 852 824 pugnae,
869 717 962 804 *cum
985 727 1059 824 jam
1091 726 1197 802 nullae

185 862 277 960 leges
304 868 417 936 essent
439 869 474 935 et
503 860 551 934 vis
579 861 697 938 omnia
723 868 871 958 regeret,
901 860 1047 959 quisquc
1077 870 1196 958 spreta

183 994 377 1070 ostiolorum
398 995 531 1094 regula,
561 995 596 1068 in
616 994 708 1070 diem
732 994 866 1070 vivebat
879 998 902 1070 ¹.
915 1069 917 1074 ,
931 997 1119 1093 Nunquam
1139 996 1192 1072 rel

184 1129 336 1226 pessimis
364 1129 612 1226 imperatorum
644 1129 870 1226 temporibus,
898 1128 1038 1206 feminae
1062 1129 1195 1228 majore

181 1262 328 1340 audacia
355 1263 390 1340 iu
414 1263 591 1360 cupidines
616 1272 782 1354 ruerunt3
811 1263 915 1354 Julia,
940 1263 1082 1360 Augusti
1107 1262 1193 1353 tilia,

184 1404 377 1480 monstrum
412 1420 478 1473 nou
511 1397 587 1486 luit,
614 1399 648 1474 id
679 1405 729 1473 est
763 1397 906 1474 unicum
938 1398 1032 1495 pravi
1063 1397 1194 1494 ingenii

184 1531 449 1624 documentum3
473 1533 591 1607 mul-tae
614 1532 705 1608 enim
733 1532 948 1606 illustrissimi
968 1531 1106 1630 generis
1125 1554 1198 1605 ma-

184 1639 307 1757 tronae,
341 1667 522 1764 Pompeia,
552 1667 591 1741 C.
620 1669 651 1742 J.
680 1667 823 1741 Caesaris
853 1667 1001 1765 conjnx,
1030 1665 1192 1756 Servilia,

183 1802 228 1874 M.
246 1801 340 1876 Bruti
360 1809 483 1887 mater,
500 1823 620 1877 omnes
648 1801 714 1876 illae
726 1801 910 1898 *puellulae
931 1824 1018 1898 quas
1041 1799 1196 1874 Catullus

185 1944 365 2026 memorat,
381 1937 547 2011 aCaesare
559 1945 593 2012 et
608 1937 784 2010 Mamurra
797 1945 934 2026 amatae,
950 1935 1025 2033 pari
1039 1933 1196 2031 exemplo

182 2069 359 2168 flagitiosis
372 2069 571 2144 libidinibns
590 2069 767 2148 luerunt².

230 2205 281 2279 Ne
301 2203 468 2279 miremur
483 2205 586 2304 igitur
600 2203 690 2302 qnod
707 2203 873 2302 Sulpicia,
891 2225 933 2278 ec
947 2201 1087 2301 ingenio
1103 2200 1195 2299 quod

182 2337 331 2412 diximus
351 2337 505 2434 praedita,
529 2345 625 2412 tanto
643 2338 765 2414 ardore
783 2346 817 2413 et
835 2338 969 2434 impetu
985 2337 1020 2409 in
1034 2357 1195 2410 amorem

181 2472 338 2547 Cerinthi
363 2473 513 2548 irruerit.
531 2473 567 2546 Si
589 2472 666 2547 talis
686 2472 809 2570 puellae
826 2471 980 2548 amentia
997 2469 1194 2546 excusatio-

217 2775 243 2830 l.
264 2773 411 2848 Aptissima
425 2774 474 2832 illa
487 2782 613 2850 tempora
623 2775 653 2832 G.
663 2776 785 2834 Boissier
797 2785 935 2851 comparat
948 2793 1011 2834 cum
1022 2777 1194 2851 temporibus

180 2863 330 2921 recentiori
342 2864 442 2922 saeculo
458 2864 540 2920 dictis
557 2883 569 2920 r
586 2867 611 2922 le
624 2867 820 2926 biremem.»
834 2869 889 2938 (Lu
905 2869 1033 2939 relipion
1054 2869 1195 2937 romulae,

181 2961 202 3009 t.
217 2953 252 3022 ll,
265 2970 291 3029 p.
305 2953 381 3026 250.)
397 2954 501 3011 llortuo
516 2955 650 3028 Augusto,
665 2955 776 3012 licentia
791 2956 931 3031 paulisper
954 2958 988 3014 ab
1009 2973 1043 3013 eo
1057 2957 1199 3014 refrenata

181 3059 243 3098 cum
255 3043 358 3115 majore
372 3043 487 3099 libidine
501 3044 585 3100 effusa
601 3053 660 3114 est;
683 3045 809 3102 similiter
825 3047 908 3103 etiam
924 3045 996 3119 apud
1011 3062 1071 3116 nos,
1087 3054 1197 3103 mortuo

180 3131 315 3188 Ludovioo
330 3133 556 3206 quartodecimo,
572 3133 637 3190 mali
652 3150 743 3192 mores
760 3151 793 3191 eo
805 3135 927 3209 prolapsi
942 3142 1006 3191 sunt
1019 3143 1052 3190 ut
1066 3134 1198 3202 temporis

181 3219 256 3276 illius
268 3236 379 3290 nomen,
398 3240 411 3276 r
427 3222 456 3280 lu
474 3223 608 3295 arpena,
633 3241 645 3278 r
663 3223 735 3280 idem
746 3223 884 3296 significet
899 3240 931 3281 ac
949 3224 1070 3298 pessima
1088 3240 1196 3282 morum

178 3308 304 3366 licentia.
324 3310 355 3365 ln
370 3311 503 3368 comoedia
527 3310 602 3368 illius
621 3312 762 3386 temporis,
787 3331 799 3367 r
815 3315 840 3371 le
853 3313 1007 3384 Prejupe'd
1028 3315 1059 3370 lc
1074 3314 1195 3384 moda)

181 3405 292 3454 auctore
306 3399 344 3454 La
356 3399 507 3470 Chaussde,
521 3401 597 3458 velut
611 3401 821 3477 explicationem
833 3401 957 3457 videmus
969 3417 1097 3458 versuum
1112 3418 1197 3477 supra

181 3487 327 3546 allatorum
343 3489 376 3544 de
389 3490 564 3546 creberrimis
579 3490 667 3548 Ovidii
682 3500 806 3566 tempore
822 3490 977 3548 adulteriis.

217 3577 244 3632 b.
265 3577 353 3634 Unum
368 3576 483 3636 illorum·
493 3596 600 3637 morum
611 3581 766 3654 exemplum
780 3581 905 3655 prolerre
916 3579 984 3636 satis
998 3579 1050 3636 erit
1060 3598 1066 3636 ε
1076 3597 1089 3635 r
1139 3579 1199 3636 lla·

180 3665 1196 3743 gitiosumilludconrivium,quodGemellus‚tribuniciusviator‚iugenui

98 3827 100 3832 Ι
182 3755 333 3828 sanguinis,
349 3755 398 3812 sed
427 3759 505 3815 officii
532 3760 604 3816 intra
630 3759 759 3817 servilem
778 3759 904 3817 habitum
929 3760 1071 3829 deformis,
1086 3757 1195 3816 llletello
1238 3752 1241 3761 '

181 3843 300 3918 Scipioni
324 3847 439 3918 consuli,
460 3865 491 3905 ac
515 3849 635 3906 tribunis
654 3849 744 3923 plebis
764 3867 863 3923 magno
881 3865 945 3906 cum
958 3849 1059 3906 robore
1079 3845 1197 3905 civitatis

182 3936 360 4008 comparavit.
391 3936 527 4012 Lupanari
551 3939 623 3996 eninr
649 3940 721 3996 domi
750 3956 809 3998 suae
838 3940 997 4010 constituto,
1023 3939 1140 3996 lluciam
1169 3946 1198 3994 et

181 4021 315 4096 Fulviam,
330 4032 389 4081 tum
404 4035 519 4102 epatre,
535 4037 592 4087 tum
616 4047 631 4086 a
651 4029 709 4088 viro
722 4036 868 4104 utramque
894 4029 1020 4104 inclytam
1035 4037 1062 4086 et
1075 4027 1195 4086 nobilem

180 4129 300 4188 puerum
314 4115 490 4175 Salumiuum
503 4118 531 4175 in
546 4135 578 4175 eo
592 4119 740 4192 prostituit.
753 4137 765 4174 r
777 4116 880 4190 (Valer.
893 4119 974 4190 liar.²
986 4119 1033 4188 Ill,
1046 4120 1072 4188 l,
1084 4119 1125 4190 8.)
