3117 5042
322 691 429 768 nitar.
454 691 564 766 Hirtio
592 699 626 768 ct
650 693 761 767 Pansa
784 692 997 785 consulibus,
1025 693 1158 770 Marcus
1187 695 1331 793 qnidam

322 831 494 904 Cornutus
520 835 647 925 prator
675 826 826 902 urbanus
854 827 920 903 fuit
947 829 1090 928 eJusquc
1118 830 1331 905 mentionem

321 964 441 1038 Cicero
462 962 496 1036 in
518 961 668 1059 epistolis
694 961 774 1037 facit
788 965 811 1037 ยน.
833 962 939 1038 Marci
958 963 1049 1038 illins
1071 962 1166 1038 tilius
1187 963 1330 1039 forsitan

323 1097 485 1197 Sulpiciae
504 1104 637 1171 amator
657 1094 723 1173 fuit
737 1105 772 1172 ct
792 1096 879 1172 adeo
894 1071 1088 1173 nobililocn
1101 1106 1197 1173 ortns
1210 1108 1286 1174 erat
1300 1107 1336 1176 ut

325 1235 358 1307 in
383 1233 527 1308 dornnm
555 1232 705 1307 Messalae
730 1230 981 1314 admitteretur.
1012 1232 1081 1309 Sed
1105 1240 1221 1308 tanuen
1253 1234 1338 1317 nihil

326 1368 454 1442 ntirnm
473 1366 566 1466 quod
594 1366 758 1440 humilior
782 1366 825 1441 ad
845 1367 1047 1466 conjuginm
1069 1367 1160 1442 visns
1178 1368 1222 1443 sit
1243 1369 1339 1444 Mes-

325 1503 420 1594 salae,
437 1502 479 1576 ab
493 1501 648 1602 Angusto
663 1502 697 1575 in
717 1525 895 1576 summum
915 1502 1091 1602 fastigium
1105 1513 1235 1595 erecto,
1257 1526 1340 1580 nco-

328 1660 395 1712 non
427 1636 589 1734 Sulpiciae
617 1637 710 1736 genti
738 1660 818 1735 quar
848 1636 934 1713 adeo
965 1639 1060 1713 clara
1089 1647 1163 1714 erat
1194 1647 1231 1714 ut
1260 1661 1341 1715 mox

328 1774 516 1870 imperator
539 1795 581 1846 cx
606 1794 647 1847 oa
667 1781 762 1848 ortus
776 1772 830 1848 sit.
852 1773 935 1849 lude
961 1773 1066 1873 igitur
1088 1773 1233 1853 rerbnm
1261 1773 1343 1849 illud

337 1937 352 1973 a
378 1907 496 2006 ignoto
512 1907 647 1982 tor02a
672 1907 764 2005 quod
785 1907 953 2005 Sulpicia,
972 1917 1067 1984 motu
1080 1908 1230 2007 quodam
1247 1909 1343 1985 invi-

332 2042 411 2135 diae,
429 2042 576 2117 amatori
603 2042 734 2140 objicit.

380 2180 416 2254 Si
442 2201 535 2253 nunc
558 2179 688 2254 litteras
710 2179 946 2276 inspiciamus,
968 2178 1255 2277 quasaSulpicia
1271 2179 1344 2277 ipsa

333 2314 477 2412 scriptas
501 2313 673 2404 ducimus,
700 2313 734 2386 in
763 2312 817 2386 his
842 2314 885 2389 dc
908 2297 1135 2390 romanarum
1159 2315 1344 2391 mulierum

335 2449 489 2523 moribus
515 2457 549 2522 et
575 2448 712 2546 ingenio
747 2447 867 2546 primis
898 2449 1110 2546 principatus
1134 2450 1347 2548 temporibus

336 2585 463 2658 indicia
481 2584 598 2682 magni
617 2583 783 2658 momenti
802 2583 1010 2658 invenimus.

386 2717 540 2814 Sulpicia
555 2718 679 2793 mulier
700 2726 750 2793 est
769 2718 939 2816 impotens
956 2728 991 2794 et
1009 2718 1153 2812 fervida,
1173 2721 1273 2820 cnjus
1292 2721 1347 2796 in-

339 2852 453 2928 dolem
469 2853 581 2927 cultus
607 2854 804 2950 proniorem
826 2853 861 2926 in
881 2854 1060 2952 cupidines
1080 2864 1115 2930 et
1133 2854 1221 2930 freni
1239 2857 1348 2955 magis

340 2988 575 3086 impatientem
607 2985 738 3075 effecit,
775 2987 903 3085 rrednm
938 2989 1154 3087 reprimeret.
1188 2990 1345 3083 Etenim,

340 3124 432 3223 apud
460 3145 642 3222 procerum
667 3131 728 3197 aut
751 3123 1003 3220 elegantiornm
1032 3125 1161 3221 puellas
1182 3126 1293 3200 cultus
1316 3125 1349 3200 id

344 3269 478 3349 tantum
497 3256 847 3357 spectarevidebatur
872 3267 911 3332 ut
926 3258 1179 3356 jucunditatem
1196 3267 1231 3335 et
1249 3260 1350 3358 lepo-

343 3420 417 3472 rem
435 3395 633 3492 explicaret,
660 3416 727 3468 non
746 3403 785 3469 nt
802 3392 1005 3468 informaret
1027 3394 1070 3469 ad
1093 3394 1202 3471 honos
1220 3416 1346 3471 mores.

343 3533 453 3632 Magis
473 3539 575 3628 atque
602 3529 710 3628 magis
734 3529 852 3604 relicta
877 3537 952 3603 erat
970 3536 1067 3604 vetus
1090 3529 1148 3603 illa
1173 3529 1352 3628 disciplina

343 3690 413 3767 qua
433 3673 599 3742 matronae
619 3665 796 3764 quondam
814 3663 1053 3739 formabantur
1073 3664 1193 3763 rigidae
1207 3672 1240 3739 ct
1256 3663 1353 3762 pudi-

331 3982 335 3986 .
382 3931 407 3984 l.
428 3928 474 3985 Aul
488 3928 593 3999 sumit,
610 3926 641 3997 X,
656 3925 735 3982 tn-to
750 3944 756 3980 :
771 3924 798 3982 in
820 3933 915 3984 senatu
938 3926 1043 3984 litteras
1067 3925 1161 4000 Lepidi
1182 3925 1290 3982 recitat,
1312 3925 1352 3982 Cf.

344 4017 484 4090 Pttttpp,
498 4017 563 4084 XtV,
582 4019 625 4074 ll.

381 4108 407 4164 โถ2.
428 4107 472 4176 IV,
492 4108 534 4177 10,
550 4107 576 4164 6.
