3117 5042
748 619 926 690 ..70-

334 781 1345 885 adjunginonpossent,obeditorequartilibricarminibus,

332 919 540 1018 quibuscum
555 917 829 992 conformatione
843 916 993 1016 quadam
1009 921 1237 1018 congruunt¹,
1250 919 1349 995 addi-

333 1061 384 1128 tas
396 1051 500 1128 fuisse
513 1060 646 1151 putent.
664 1052 705 1126 At
721 1111 729 1141 ‚
746 1052 1014 1143 measententia,
1027 1053 1115 1127 adeo
1127 1053 1218 1127 inter
1235 1076 1270 1127 se
1284 1053 1348 1127 dit·

332 1186 462 1280 lerunl,
478 1186 570 1286 quod
585 1186 627 1261 ad
638 1194 882 1287 argumentum
896 1187 1031 1278 attinet,
1049 1185 1127 1262 duae
1147 1187 1214 1261 illm
1227 1186 1347 1287 elegiae

332 1329 366 1398 et
383 1321 485 1420 primi
499 1321 578 1396 libri
591 1322 759 1411 carmina,
779 1329 818 1398 ut
829 1321 991 1396 Passowii
1008 1330 1042 1396 et
1059 1321 1242 1396 Dicterichi
1260 1321 1346 1396 ratio

332 1455 474 1532 omnino
490 1455 740 1555 rejiciendasit.
755 1456 943 1553 Nunquam
958 1455 1051 1530 enirn
1065 1463 1166 1553 poete
1179 1455 1213 1529 in
1233 1456 1346 1553 primo

331 1589 418 1665 libro
448 1590 491 1666 de
512 1590 608 1666 Delie
629 1612 750 1665 sensus
774 1590 938 1686 expressit
960 1589 1018 1686 qui
1039 1589 1074 1663 in
1094 1589 1343 1678 tertiadecima,

332 1723 439 1797 immo
453 1723 486 1797 in
505 1722 764 1821 quartadecima
782 1721 896 1820 quarti
910 1721 989 1796 libri
1014 1722 1126 1820 elegia
1152 1723 1306 1799 eminent
1331 1751 1340 1813 ;

331 1858 427 1933 nullo
443 1857 546 1932 modo
560 1855 634 1932 lieri
651 1865 774 1955 potest,
793 1854 888 1932 verbi
906 1856 1030 1955 gratia,
1049 1856 1176 1932 harum
1197 1859 1343 1956 primam

331 2014 412 2067 cum
423 1999 518 2066 sexte
530 1991 631 2089 primi
648 1990 728 2064 libri
736 2012 928 2089 congruere
940 1991 1017 2066 etin
1032 1999 1177 2089 utraque
1185 1993 1343 2069 eamdem

331 2149 516 2224 personam
542 2125 672 2201 induci.
702 2129 740 2200 ln
764 2135 861 2201 sexta
892 2127 985 2199 enim
1015 2125 1118 2224 primi
1142 2124 1223 2199 libri
1250 2127 1344 2204 brevi

330 2260 518 2357 abruptum
557 2261 598 2335 iri
625 2284 706 2337 cum
739 2260 836 2336 Delia
870 2259 1058 2334 amicitiam
1098 2259 1200 2358 plane
1232 2262 1347 2336 cerni-

331 2417 408 2471 mus
432 2417 497 2471 nec
529 2395 562 2469 in
584 2396 698 2490 quarti
725 2394 805 2468 libri
828 2394 1090 2493 quartadecima
1115 2395 1344 2472 reconciliatae

330 2528 521 2605 concordiae
539 2530 668 2604 mentio
689 2529 754 2603 ulla
771 2529 957 2605 invenitur.
978 2527 1197 2604 Credendum
1214 2530 1340 2626 potius,

328 2664 356 2738 si
368 2663 412 2738 ad
428 2664 560 2740 Deliam
580 2663 763 2739 novissima
781 2662 894 2762 quarti
909 2662 986 2736 libri
1007 2662 1161 2737 carmina
1184 2664 1342 2761 pertine-

328 2806 418 2887 rent,
446 2797 503 2872 illa
524 2798 644 2896 primis
663 2797 789 2872 amoris
809 2795 899 2871 illius
913 2796 1127 2895 temporibus
1147 2799 1338 2896 conscripta

328 2953 413 3007 esse.
452 2931 529 3020 Quo
552 2931 674 3030 posito,
714 2930 952 3007 tertiadecima
975 2931 1088 3028 quarti
1115 2930 1194 3005 libri
1230 2932 1341 3031 elegia

329 3065 451 3141 eodem
483 3073 638 3164 tempore
662 3089 731 3165 quo
751 3066 863 3164 prima
883 3065 986 3162 primi
1006 3065 1200 3163 conscripta
1217 3066 1275 3157 sit,
1298 3089 1339 3142 eo

329 3200 438 3300 magis
452 3201 542 3299 quod
573 3201 606 3275 in
624 3209 769 3298 utraque
787 3200 914 3298 lyricus
928 3199 1070 3298 quidem
1089 3199 1228 3298 spiritus
1242 3200 1340 3275 iuve-

329 3333 421 3407 nitur
434 3335 494 3433 qui
508 3336 610 3432 plane
630 3335 664 3409 in
677 3334 799 3417 ceteris
812 3334 915 3432 primi
928 3333 1006 3408 libri
1017 3334 1228 3408 carminibus
1240 3357 1339 3410 aceu-

327 3476 400 3544 rale
416 3478 449 3544 et
459 3491 521 3566 per
535 3469 644 3544 otium
662 3468 820 3566 expolitis
837 3467 944 3543 deest.
967 3467 1078 3543 Simili
1093 3468 1340 3567 rationequer-

326 3601 584 3693 tanrdecirnam,
606 3602 638 3676 in
654 3626 723 3700 qua
734 3601 834 3700 jocus
848 3609 882 3677 et
899 3601 1115 3699 querimonia
1138 3602 1335 3694 miscentur,

327 3732 416 3810 inter
437 3735 569 3810 tertiam
589 3747 622 3810 et
641 3744 800 3833 quartam
816 3734 1118 3811 annumeremus2.

374 3869 502 3944 Sensus
532 3891 615 3943 vero
634 3869 668 3943 in
686 3868 739 3941 his
757 3869 887 3943 ultimis
907 3870 1021 3967 quarti
1038 3869 1116 3944 libri
1140 3855 1257 3969 elegiis
1276 3892 1338 3946 cx-

362 4101 387 4154 l.
408 4099 448 4156 lta
462 4107 560 4162 censet,
569 4099 768 4168 Lachmannus,
781 4099 799 4154 l.
814 4118 836 4155 s.
850 4118 873 4156 s.

360 4187 386 4244 l.
408 4187 446 4246 dt.
459 4187 503 4245 W.
514 4188 628 4259 Teuttel,
644 4189 774 4258 Studien,
788 4207 816 4263 p.
832 4187 895 4248 370.
