3117 5042
619 606 796 677 -53-
899 693 903 706 Ι

245 779 448 854 Corinthum
465 780 650 854 voluerunt
667 803 775 853 11111
794 802 836 854 ex
852 779 891 853 iis
905 782 1070 856 Graeculis
1087 781 1204 875 tuisse,

196 914 254 1011 qui
284 915 406 988 Ronrae
436 914 488 988 his
516 914 729 1011 temporibus
754 915 788 986 in
820 937 1005 1012 procerum
1034 924 1145 991 cratus
1172 925 1206 992 et

197 1048 483 1125 consuetudinem
503 1072 539 1124 se
566 1049 788 1139 insinuantes,
811 1057 980 1147 quaesturn
1001 1049 1112 1124 torma
1135 1073 1207 1125 sae-

197 1182 274 1280 pius
298 1181 471 1257 faciebant
492 1190 671 1258 etamore
700 1184 789 1257 vetut
816 1184 946 1279 optima
973 1184 1016 1258 ad
1044 1208 1126 1282 opes
1152 1186 1207 1261 ria

199 1315 395 1391 alebantur.
417 1316 500 1407 Sed,
520 1325 661 1414 accepta
679 1317 736 1390 itta
754 1318 965 1415 conjectura,
987 1317 1080 1392 haud
1106 1317 1205 1394 tacite

197 1452 258 1524 bas
289 1451 401 1549 justas
432 1451 570 1548 nuptias
602 1474 680 1549 quae
708 1459 826 1548 aperte
854 1452 890 1524 in
923 1451 1032 1552 elegia
1056 1453 1208 1528 secunda

197 1584 338 1660 secundi
351 1585 427 1658 libri
439 1584 868 1680 significanturadnrittere
882 1609 1073 1683 possumus.
1087 1588 1206 1662 Romae

199 1719 291 1794 eninr
310 1719 399 1794 inter
417 1721 609 1793 Romanam
628 1728 663 1795 et
682 1721 843 1795 Graecurn
864 1721 1084 1795 matrimonia
1104 1721 1206 1818 plane

199 1851 333 1928 insolita
356 1862 389 1928 et
405 1875 482 1927 rara
500 1836 611 1944 erant,
638 1854 873 1952 Sulpiciaque,
896 1855 984 1930 adeo
1005 1854 1111 1930 nobiti
1131 1835 1205 1930 loco

198 1995 285 2078 orta,
300 1987 357 2060 tali
379 1988 542 2086 conjugio
557 1988 734 2063 derninuta
751 1987 880 2063 fuisset.
902 1989 993 2064 Nihil
1008 1988 1102 2063 aliud
1117 1990 1206 2065 iuter

196 2123 333 2196 Graecos
345 2130 380 2196 et
391 2124 560 2198 Romanas
573 2145 754 2220 procerum
772 2146 882 2198 {nores
896 2123 1125 2198 admittebant
1139 2125 1201 2197 nisi

195 2256 318 2332 liberas
341 2229 616 2355 conjunctiones,
642 2281 720 2356 quae
750 2257 891 2355 quidem
921 2257 1016 2332 brevi
1043 2266 1201 2355 ternpore

194 2389 229 2462 in
246 2389 422 2488 vulgarent
435 2389 720 2466 consuetudinem
735 2398 915 2466 venerant.
929 2390 1026 2464 Multi
1042 2391 1220 2498 eGraecis

196 2544 378 2620 procerum
418 2523 453 2596 in
487 2523 616 2598 aedibus
655 2533 902 2622 praceptoreS,
941 2532 1200 2621 procuratores,

194 2658 327 2748 scribae,
347 2659 601 2756 opportunitate
621 2681 808 2734 munerum
830 2660 896 2751 usi,
922 2683 1001 2734 curn
1028 2660 1085 2734 itta
1107 2659 1204 2758 inge-

195 2791 241 2865 nii
268 2792 404 2868 solertia
430 2815 508 2890 quaa
530 2792 848 2892 proprium—gentis
869 2803 956 2884 erat,
981 2793 1128 2867 tiliarum
1152 2796 1203 2869 111

194 2900 428 3001 matronarum
450 2926 560 3023 primo
576 2927 703 3002 conscii
721 2926 845 3002 deinde
866 2937 1036 3003 amatores
1056 2927 1199 3003 fiebant.

193 3065 282 3152 Jarn,
300 3062 443 3137 finiente
458 3061 645 3159 republica,
666 3063 786 3138 Cicero
803 3063 914 3159 lepide
935 3062 1114 3138 deridebat
1127 3063 1202 3138 iilos

157 3177 160 3184 ’
200 3227 214 3264 «
234 3197 418 3272 mulierum
440 3202 676 3282 assentatores,
705 3196 899 3295 cognitores
919 3197 1116 3281 viduarum,
1140 3197 1202 3272 de-

195 3330 498 3408 iensoresnirnium
510 3331 687 3430 litigiosos
703 3331 867 3404 contritos
880 3330 923 3404 ad
940 3331 1084 3429 regiam,
1100 3331 1200 3429 inep-

195 3474 245 3541 tos
268 3487 309 3540 ac
323 3467 449 3541 stultos
462 3466 553 3540 inter
565 3465 666 3556 viros,
686 3465 774 3539 inter
790 3464 952 3540 mutieres
968 3465 1095 3561 peritos
1113 3465 1201 3563 juris

195 3611 228 3675 ct
242 3600 382 3676 callidos
396 3601 418 3674 ¹.
435 3631 450 3670 a
472 3600 567 3674 Multi
584 3623 722 3698 quoque
737 3607 836 3675 eraut
851 3599 1017 3687 11111111,Ι
1032 3599 1201 3676 111111111-
1314 3627 1317 3633 ·

195 3735 256 3808 tini
292 3736 350 3833 qui
386 3764 402 3802 «
424 3734 601 3810 dominam
616 3757 712 3808 suam
741 3735 1040 3826 delectarentur²,
1057 3766 1074 3804 »
1098 3735 1205 3838 obsa-

230 4099 255 4152 1.
277 4098 334 4154 Pro
352 4097 433 4166 Coae,
449 4097 479 4165 V,
497 4097 542 4152 tt.
555 4096 595 4152 ct.
609 4097 715 4164 Sarac,
727 4095 875 4164 Contrua,
890 4095 962 4166 tut,
977 4096 1022 4152 10.

228 4187 254 4243 b.
276 4185 397 4256 Patron,
414 4188 519 4256 Satin,
536 4203 559 4242 c.
575 4185 649 4240 XLV.
