3117 5042
586 567 763 641 ..61-

169 757 265 810 «suc
281 734 424 810 arbitrie
442 739 538 812 esse¹
559 767 575 808 u
598 761 665 814 non
684 740 779 830 sinit,
796 741 912 816 statim
929 740 1123 817 recalcitrat
1137 749 1172 816 et

163 867 332 944 aufertur.
361 871 404 945 At
419 880 552 964 contra,
570 873 670 950 sinrul
686 896 728 949 ac
742 874 835 977 qued
854 875 967 953 obstat
983 875 1172 976 superavit,

163 1003 331 1101 gloriatur
344 1012 380 1080 et
398 1006 545 1082 exsultat
562 1036 570 1080 :

244 1229 308 1295 Scis
319 1229 376 1293 iter
388 1249 423 1296 ex
440 1231 540 1295 anime
553 1231 700 1296 sublatum
715 1234 800 1296 triste
815 1231 950 1315 puellae?

284 1327 377 1392 Natali
394 1330 494 1394 chnae
505 1331 566 1412 jann
582 1331 652 1394 licet
666 1351 732 1395 esse
748 1340 810 1394 tuo.

244 1425 389 1491 Omnibus
401 1428 452 1491 ille
468 1429 532 1492 dies
547 1428 634 1494 nobis
648 1430 774 1510 genialis
789 1439 904 1510 agatur,
942 1467 945 1474 ·

284 1525 342 1598 Qni
358 1544 413 1589 nec
426 1526 558 1610 opinanti
575 1547 654 1591 nunc
668 1527 721 1592 tibi
737 1529 812 1591 sorte
829 1529 939 1592 venit'.

214 1725 291 1801 Mox
305 1725 444 1802 rivalem
461 1728 607 1820 metuit;
628 1727 723 1803 lercx
736 1735 771 1803 et
790 1727 906 1803 invida
925 1727 1097 1822 irascitur,
1114 1726 1173 1803 sed

165 1857 210 1933 ab
234 1858 372 1959 iugenio
397 1884 466 1936 non
495 1861 670 1957 dellectit;
698 1885 734 1938 sc
762 1863 956 1962 neglectam
981 1861 1174 1962 indignata,

165 1995 410 2106 contumeliam
425 1995 459 2069 in
478 1995 682 2072 Cerinthum
696 1995 783 2094 jacit
798 2005 833 2072 et
848 1997 879 2072 ei
895 1997 1069 2072 minatur:

246 2226 367 2290 Gratum
380 2236 436 2307 est,
450 2247 573 2291 securus
588 2228 716 2290 multum
729 2227 808 2310 qued
821 2228 883 2309 jam
895 2227 949 2291 tibi
964 2228 1001 2292 de
1015 2246 1062 2290 nne

286 2325 450 2410 Permittis,
466 2325 564 2390 subito
579 2346 617 2389 ne
633 2325 709 2389 male
723 2326 825 2408 inepta
839 2325 955 2405 cadam,

246 2423 278 2486 Si
292 2424 345 2487 tibi
361 2445 432 2488 cura
447 2434 522 2505 tcgae
537 2425 634 2507 potior
649 2443 844 2508 pressumque
857 2423 985 2507 quasillo

285 2521 423 2587 Scortum
441 2543 529 2606 quam
543 2523 626 2587 Servi
639 2523 701 2586 tilia
711 2515 844 2606 sulpicia
858 2544 866 2584 ε

247 2621 372 2685 Solliciti
386 2631 456 2686 sunt
471 2642 524 2706 pro
540 2622 637 2706 nabis,
654 2620 763 2704 quibus
778 2621 830 2684 illa
842 2620 967 2702 doloris,

286 2722 329 2786 Ne
341 2722 444 2784 cedam
459 2721 571 2802 ignoto,
587 2721 715 2783 marinna
727 2738 829 2800 causa,
848 2721 941 2783 t0r0³.

214 2911 323 2985 Paulo
346 2918 435 3008 pest,
463 2919 502 2985 ut
527 2909 675 2996 videtur,
702 2909 737 2984 in
768 2909 930 2984 rnorburn
954 2907 1086 2999 incidit,
1106 2908 1178 3006 quc

147 3023 230 3143 ‘pro
250 3052 455 3145 argumento
476 3045 583 3120 utitur
597 3052 634 3118 ut
649 3043 803 3119 Cerinthi
819 3065 888 3118 nen
906 3042 1177 3118 misericerdiam

168 3187 317 3273 moveat,
338 3179 396 3257 sed
415 3189 568 3256 amorem
583 3187 733 3278 augeat:

248 3387 338 3452 Estne
351 3389 417 3466 tibi,
428 3386 579 3463 Cerinthe,
596 3393 655 3448 tuac
673 3385 722 3467 pia
735 3403 807 3448 cura
817 3382 946 3466 puellae,

288 3487 372 3561 Quod
388 3506 453 3549 mea
468 3505 547 3548 nunc
561 3492 646 3547 vexat
661 3502 786 3566 corpora
800 3482 879 3545 sessa
892 3480 997 3544 cclcr‘t

247 3585 293 3648 Ah
308 3604 362 3665 ego
377 3603 437 3648 ncn
453 3584 540 3647 aliter
553 3583 653 3646 tristes
667 3583 802 3645 evincere
818 3579 938 3642 merbcs

288 3683 432 3767 Optarirn,
449 3701 537 3765 quam
557 3681 624 3744 tesi
640 3699 757 3763 quoque
773 3680 849 3742 velle
862 3686 974 3761 putem.

204 3966 230 4021 r.
250 3961 375 4033 1v‚a,s.

203 4055 231 4112 a.
251 4052 295 4121 rr,
310 4053 337 4109 9.

203 4144 230 4200 a.
252 4143 295 4211 u,
317 4141 359 4198 rc.
