3117 5042
658 576 838 646 ..71-

241 747 347 844 pressi
363 747 464 846 plane
477 747 630 847 Glycerae
645 747 692 822 illi
706 749 926 840 conveniunt,
943 774 1050 847 quarn
1061 750 1095 824 in
1109 751 1251 825 Horatio

247 882 443 957 «immitens
460 912 476 951 »
492 889 527 957 et
540 905 663 980 parum
677 881 783 958 fidam
797 883 965 959 ridemus.
982 885 1033 977 Si,
1051 899 1089 959 ut
1108 907 1246 977 censeo,

241 1015 283 1092 ad
297 1039 375 1094 earn
392 1016 509 1114 elegiae
525 1017 591 1092 illae
609 1017 796 1115 pertinent,
819 1026 895 1116 post
919 1018 962 1094 de
988 1019 1084 1094 Delia
1108 1028 1143 1094 et
1171 1026 1251 1095 ante

241 1150 284 1227 de
307 1150 442 1226 Nemesi
469 1151 626 1225 carmina
651 1158 733 1226 sunt
761 1153 976 1250 conscriptae,
1001 1175 1095 1242 nani,
1128 1162 1166 1228 ut
1192 1175 1255 1229 nos

243 1284 376 1360 monuit
390 1284 563 1376 Ovidius¹,
578 1285 675 1360 Delia
708 1310 726 1356 a
751 1285 884 1383 primus
905 1309 1016 1378 amor,
1046 1314 1064 1358 n
1100 1287 1255 1362 Nemesis

249 1448 265 1486 (ι
288 1440 373 1494 cura
396 1440 516 1495 rcoens
539 1447 556 1487 u
576 1428 686 1516 poetae
705 1417 862 1494 fuerunt.

291 1552 328 1627 ln
347 1551 582 1628 tertiadecima
600 1551 749 1649 primum
766 1553 874 1650 spirat
893 1553 1020 1629 arrlens
1034 1554 1193 1652 quaedam
1219 1564 1254 1630 et

243 1686 395 1784 inquieta
406 1687 621 1785 cupidoquaa
638 1689 748 1762 multa
763 1687 793 1761 vi
811 1687 1039 1784 exprimitur:

320 1891 408 1955 Nulla
420 1898 505 1954 tuum
518 1891 604 1956 nohis
617 1891 761 1955 subducet
776 1892 888 1955 lemiua
900 1894 1010 1956 lectum
1028 1914 1035 1956 :

363 1990 426 2052 lloc
441 1991 570 2073 primurn
581 1991 685 2072 juncta
698 1998 743 2053 est
755 1990 868 2054 loedere
885 2000 985 2054 nostra
999 1993 1111 2056 Venus.

323 2089 367 2151 l'u
382 2087 456 2150 mihi
470 2088 534 2150 sola
547 2088 659 2170 places,
675 2107 732 2152 nec
742 2090 806 2170 jarn
823 2097 850 2151 te
864 2100 972 2170 praeter
984 2089 1014 2151 in
1029 2088 1104 2151 urbe

362 2186 505 2248 Formosa
520 2193 565 2248 est
577 2185 671 2248 oculis
684 2186 746 2248 ulla
758 2185 861 2268 puella
877 2187 964 2248 meis.

321 2284 417 2366 Atque
432 2283 545 2346 utinam
557 2303 660 2365 posses
675 2284 728 2345 uui
743 2284 817 2345 mihi
830 2282 910 2346 bella
921 2283 1034 2347 videri!

360 2382 524 2463 Displiceas
539 2382 607 2444 aliis
625 2402 632 2444 :
648 2382 690 2444 sic
706 2401 761 2462 ego
776 2388 857 2444 tutus
870 2401 932 2444 ero.

320 2481 369 2546 Nil
387 2499 461 2563 opus
475 2479 587 2542 invidia
602 2488 657 2558 est,
671 2479 776 2561 procul
789 2480 866 2543 absit
879 2480 974 2560 gloria
988 2479 1067 2560 rnlgi
1084 2501 1092 2544 ε

362 2579 419 2655 Qui
433 2578 511 2660 sapit
523 2578 555 2641 in
570 2578 660 2642 tacito
674 2577 804 2659 gaudeat
819 2578 869 2640 ille
885 2580 984 2641 sinui.

289 2781 327 2852 ln
347 2777 401 2852 his
418 2776 572 2853 versibus
592 2782 703 2876 poetae
724 2777 885 2852 tirnorem
902 2785 936 2852 et
954 2777 1120 2854 invidiam
1134 2778 1254 2853 relatis

242 2913 352 2988 verbis
363 2935 522 3011 expressa
534 2911 648 2988 videre
668 2919 736 3002 est;
755 2934 838 2986 cum
856 2910 948 2986 enim
972 2912 1015 2985 sit
1040 2911 1252 3009 provectiore

239 3047 325 3146 jam,
343 3055 380 3122 ut
401 3046 551 3138 uidetur,
572 3053 673 3121 catate
690 3069 797 3143 quarn
812 3045 969 3144 Glycera,
988 3046 1128 3120 rivalem
1144 3045 1254 3121 reior-

243 3181 351 3256 rnidat
374 3189 408 3257 et
431 3203 472 3257 eo
501 3180 611 3278 tnagis
636 3179 804 3277 puellam,
824 3201 902 3276 quae
924 3178 1000 3277 jarn
1016 3177 1199 3278 fatigatum
1220 3189 1255 3254 et

242 3337 372 3414 aegrum
400 3315 558 3390 animuin
586 3310 714 3388 mulcet
738 3319 952 3409 recreatque,
978 3320 1078 3407 poeta
1103 3311 1251 3389 retinere

246 3459 405 3541 conatur,
434 3471 499 3524 nec
512 3460 629 3523 tamen
650 3446 727 3545 ejus
739 3444 940 3521 constantiae
955 3443 1122 3519 conlidit:

324 3639 369 3702 'l'u
384 3638 458 3700 milri
473 3655 614 3701 curarum
628 3635 760 3717 requies,
777 3641 809 3696 tu
824 3640 910 3695 nocte
921 3631 967 3695 vel
983 3640 1048 3695 atra

296 3779 299 3782 -
364 3737 491 3816 Lumen,
508 3742 537 3798 et
551 3735 583 3798 in
599 3733 671 3798 solis
687 3741 717 3795 tu
735 3731 810 3798 rnilri
824 3729 913 3795 turba
927 3730 1028 3794 locisi.

282 3961 306 4016 l.
327 3959 388 4015 Viri.
405 3974 499 4034 supra,
512 3975 541 4032 p.
556 3957 599 4013 ta.

280 4048 305 4105 2
327 4044 370 4116 lV,
385 4048 428 4116 13,
445 4049 458 4103 1
475 4063 536 4121 sqq.

280 4138 307 4195 3.
328 4136 372 4206 lV,
391 4135 543 4208 tuit-1⁶2.
