3117 5042
772 613 952 686 ..66-

432 784 518 862 Quod
531 782 557 848 si
571 783 647 847 forta
660 781 735 846 alios
743 783 807 865 jam
818 803 901 848 nuuc
911 786 1044 867 suspirat
1054 803 1188 867 amores,

475 885 558 948 Tunc
570 902 688 966 prator,
702 883 822 960 infidos,
835 890 952 963 sancta,
965 884 1103 967 relinquo
1115 884 1228 949 iocos¹.

403 1047 565 1122 Furtivus
578 1043 695 1121 adhuc
708 1068 809 1121 amor
821 1055 873 1121 ost
887 1046 1065 1145 multaque
1083 1046 1261 1123 communi
1279 1069 1367 1123 oon-

354 1181 442 1281 jugii
469 1180 638 1258 desiderio
662 1179 813 1274 obstant,
839 1203 882 1257 oo
911 1181 1021 1281 magis
1045 1181 1137 1280 quod
1166 1180 1364 1272 Corinthus,

358 1315 470 1414 qualis
491 1313 525 1390 in
549 1311 668 1390 fabula
687 1313 854 1401 comitur,
875 1322 946 1390 tam
969 1315 1112 1391 timidus
1131 1324 1167 1393 ot
1183 1315 1298 1416 segnis
1318 1322 1370 1391 ost

359 1471 465 1547 quam
486 1446 639 1548 Sulpicia
653 1447 750 1525 fortis
768 1457 803 1525 ot
820 1447 922 1525 firma
942 1476 953 1526 t

440 1647 528 1731 Optat
541 1646 621 1711 idem
632 1646 752 1729 juvenis
767 1647 848 1730 quod
863 1667 929 1727 nos,
941 1647 994 1712 sad
1006 1650 1113 1715 tectius
1128 1656 1231 1733 optat:

479 1745 554 1810 Nam
569 1746 661 1829 pudet
676 1747 739 1810 haeo
753 1746 838 1809 illum
850 1746 954 1811 dicare
965 1748 1056 1812 verba
1069 1748 1196 1831 palam2.

411 1926 451 2000 ln
469 1934 564 2001 sexto
582 1926 750 2018 ommino,
773 1926 818 2002 do
837 1927 1000 2025 Sulpioiae
1023 1927 1143 2019 natali,
1168 1951 1238 2004 non
1259 1927 1375 2004 adhuo

363 2058 432 2134 uoti
460 2067 636 2156 compotes
663 2067 821 2133 amantes
848 2058 1026 2147 uidemus3
1051 2059 1117 2135 hac
1146 2061 1242 2136 onim
1274 2083 1377 2159 preco

364 2194 536 2268 lunonem
552 2199 655 2290 poota
669 2199 768 2267 orat:

446 2369 484 2433 At
498 2378 541 2450 tu,
556 2377 669 2451 sancta,
681 2369 757 2450 favo,
769 2389 828 2433 neu
843 2371 910 2454 quis
924 2371 1047 2436 divellat
1059 2378 1203 2451 amantes,

487 2468 545 2533 Sed
556 2469 659 2549 juveni
673 2487 774 2550 quasso
790 2477 893 2532 mutua
908 2470 1006 2532 vinula
1019 2490 1104 2554 para.

449 2566 498 2631 Sic
510 2565 586 2630 bene
601 2586 761 2650 compones
780 2588 788 2630 :
805 2568 874 2632 ullae
887 2587 947 2631 non
960 2569 1012 2631 illo
1025 2569 1133 2651 puellm

490 2664 609 2729 Sorvire
623 2672 676 2730 aut
688 2666 830 2748 cuiquam
845 2666 963 2747 dignior
976 2667 1028 2730 illa
1043 2667 1138 2730 viro³.

419 2854 547 2930 Ailudit
566 2855 669 2930 otiam
684 2854 941 2952 impedimentis
955 2878 1034 2953 quas
1052 2854 1216 2953 Sulpioiae
1224 2863 1386 2953 parentas

371 2988 592 3067 matrimonio
610 2989 854 3087 opponebant:

452 3168 610 3251 Praeoipiat
624 3175 701 3230 natm
715 3175 811 3230 mater
826 3168 972 3247 studiosa,
988 3169 1069 3251 quod
1084 3178 1187 3252 optet:

493 3264 549 3330 Illa
560 3265 642 3330 aliud
655 3267 755 3344 tacita,
764 3267 829 3347 jam
844 3285 911 3345 sua,
928 3275 1026 3330 mente
1043 3267 1157 3348 rogat‘.

422 3445 651 3521 concluditur
677 3444 827 3544 deniquo
855 3446 965 3544 lepida
998 3447 1055 3520 illa
1084 3445 1202 3522 fabula
1231 3445 1384 3553 oarmiue

376 3579 433 3654 illo
462 3579 555 3677 quod
579 3578 677 3670 falso,
705 3586 743 3653 nt
769 3578 949 3671 dirinms⁵,
984 3580 1019 3654 in
1041 3581 1194 3657 secundo
1213 3582 1302 3657 libro
1327 3580 1389 3656 ad·

413 3807 644 3883 LMQQQ

413 3898 440 3955 ἓ.
462 3897 504 3968 IV,
520 3899 548 3968 5,
567 3898 660 3954 17-18.

414 3986 440 4043 3.
462 3985 505 4051 lv,
520 3987 548 4055 6,
563 3987 577 4042 7
591 4004 651 4061 sqq.

415 4077 442 4132 ti.
462 4075 505 4144 w,
521 4077 547 4144 6,
564 4075 658 4133 15-16.

413 4165 442 4221 5.
463 4163 522 4219 vid.
538 4181 631 4237 supra,
646 4181 672 4238 p.
690 4164 724 4221 53
