3117 5042
613 595 791 668 ...49-

200 759 457 864 complerentur
494 767 599 842 virtus
624 782 658 844 et
693 763 864 866 sapientia
890 766 1000 845 Roma
1032 768 1211 846 detrusaa

198 883 408 993 Domitiana,
471 975 481 998 ,

449 1081 501 1163 qui
514 1100 566 1144 rex
579 1081 727 1146 Romanos
743 1081 871 1166 imperat
885 1085 964 1147 iuter

300 1178 365 1242 Non
379 1178 462 1242 trabe
473 1179 525 1243 sed
541 1187 636 1260 tergo,
651 1181 809 1263 prolapsus
824 1189 854 1244 et
866 1181 998 1263 ingluvie
1010 1181 1097 1245 albus
1110 1184 1133 1261 ¹,

197 1341 256 1440 qui
290 1363 390 1432 vero,
434 1344 593 1418 maximis
634 1344 840 1420 instantibus
866 1344 965 1436 odiis,
1003 1367 1084 1420 mox
1124 1344 1216 1442 peri-

199 1483 295 1550 turus
313 1477 402 1552 est2.
547 1569 551 1576 ¹

247 1611 345 1688 Nullo
368 1599 470 1689 modo
490 1612 529 1714 hi
552 1637 683 1706 versus,
704 1613 758 1689 vel
782 1615 906 1690 senarii
927 1613 981 1691 vel
1004 1615 1211 1706 hexametri,

201 1747 329 1823 Tibulli
347 1748 510 1845 Sulpiciae
537 1749 711 1825 tribuendi
736 1758 835 1839 sunt3
854 1749 1100 1825 aoarminibus
1122 1749 1214 1825 enim

202 1881 244 1959 de
260 1883 425 1959 Cerintho
443 1883 543 1982 longe
558 1883 722 1960 ditleruut
736 1892 770 1960 et
792 1885 967 1961 sententiis
986 1894 1020 1960 et
1041 1905 1213 1960 sermone.

250 2020 348 2094 Hanc
370 2041 510 2116 quoque
529 2042 601 2096 esse
617 2019 801 2095 voluerunt
822 2019 1009 2118 Sulpiciam
1030 2041 1051 2093 a
1068 2018 1212 2094 Messala

200 2161 365 2244 amatam,
398 2177 476 2252 quac
503 2154 538 2227 in
571 2153 747 2228 Catalecte's
778 2153 863 2228 lalso
894 2153 1035 2252 Virgilio
1068 2151 1213 2228 addictis

201 2287 440 2365 memoratur:

321 2504 450 2568 Felicem
466 2511 534 2566 ante
547 2504 622 2566 alias
638 2510 719 2568 tanto
735 2503 878 2585 scriptore
894 2500 1042 2584 puellam!

360 2603 461 2666 Altera
476 2621 535 2665 non
548 2602 626 2665 lama
641 2603 748 2664 dixerit
763 2621 829 2665 esse
845 2601 956 2682 prior³.

213 2835 216 2840 ·
250 2793 319 2870 Sed
339 2794 425 2868 nihil
446 2794 480 2868 in
495 2791 703 2870 carminibus
718 2791 762 2867 de
776 2790 941 2866 Cerintho
955 2787 1207 2883 talevidemus3

205 2930 329 3027 nuptiae
357 2938 477 3005 contra
505 2929 539 3002 in
567 2929 676 3027 elegia
700 2926 852 3003 secunda
873 2925 952 3000 libri
975 2924 1116 3002 secundi
1135 2947 1192 2998 me

205 3073 347 3140 morata
361 3063 441 3139 huic
455 3063 702 3138 assimulationi
722 3069 931 3162 repugnant.

251 3199 336 3287 Quae
356 3199 460 3298 igitur
484 3221 566 3274 reru
585 3197 761 3295 Sulpicia?
778 3198 847 3271 Nos
865 3195 966 3270 docet
982 3196 1020 3269 S.
1037 3193 1212 3292 Hieronp-

205 3333 306 3407 mus*
324 3333 510 3427 Valeriam,
530 3333 682 3408 Messalae
698 3353 865 3421 sororem,
887 3336 1031 3427 nuptam
1051 3351 1122 3404 esse
1140 3326 1212 3401 tilio

239 3611 264 3665 t.
286 3607 317 3666 V.
331 3610 425 3668 3536.

239 3699 265 3754 2.
286 3699 324 3754 lle
340 3697 467 3772 Sulpiciae
481 3697 565 3755 satira
583 3705 610 3754 et
628 3695 748 3771 Sulpicia
762 3694 880 3770 poetria,
898 3693 952 3750 vid.
975 3691 1017 3751 W.
1031 3691 1144 3762 Teuffel,
1163 3695 1214 3752 Ga·

204 3787 331 3846 eclu’cltte
356 3789 409 3846 dor
435 3787 601 3846 Romtsolten
616 3788 778 3854 litterator,
801 3784 863 3854 323,
880 3785 907 3853 6,
932 3784 958 3856 l,
985 3783 1109 3840 translat.
1135 3782 1213 3854 gall,

207 3885 227 3934 t.
242 3877 274 3947 ll,
291 3897 318 3954 p.
335 3877 398 3936 273.

239 3967 266 4023 3.
287 3968 331 4039 ΧΙ,
347 3967 443 4024 aaut.

239 4056 266 4114 l.
287 4058 360 4116 Ado.
372 4060 481 4128 Ioula,
494 4057 516 4128 l,
527 4059 572 4115 ta.

314 4185 475 4225 Ltttttottttut.
