3117 5042
348 769 456 847 Seruii
473 767 616 866 Sulpicii
631 765 877 866 jurisconsulti,
896 766 955 864 qui
968 765 1057 842 iuter
1075 766 1253 842 Ciceronis
1267 768 1356 842 ami-

347 926 405 980 cos
422 901 728 978 annumerabatur.
748 900 893 977 Valeriae
912 900 1017 998 igitur
1031 899 1153 1004 liliam,
1172 902 1281 999 patris
1294 924 1360 977 no-

347 1039 440 1114 mine
453 1035 642 1134 Sulpiciam
658 1059 720 1134 pro
731 1059 827 1112 more
840 1035 982 1127 dictam,
1000 1036 1046 1110 nil
1058 1044 1151 1112 relat
1165 1035 1353 1134 Sulpiciam

346 1174 440 1248 illam
470 1171 574 1248 luisse
606 1191 714 1272 quarn
741 1171 931 1269 quaerimus
960 1180 995 1246 et
1029 1195 1107 1269 quae
1137 1169 1354 1250 familiariter

342 1307 484 1383 Messala
503 1305 673 1383 avunculo
693 1315 825 1392 usam
845 1305 882 1380 in
896 1305 1107 1390 carminibus
1126 1305 1171 1382 de
1189 1306 1355 1382 Cerintho

344 1443 459 1518 ridere
473 1451 524 1518 est
534 1445 560 1534 ¹,
574 1443 607 1515 in
618 1441 752 1539 poetico
760 1441 938 1539 ejusooetu
953 1441 1166 1516 versabatur.
1183 1442 1358 1517 Praeterea

344 1575 550 1674 Sulpicium,
567 1574 727 1672 Sulpiciae
747 1581 894 1671 patrem,
915 1575 1101 1650 verisimile
1118 1584 1169 1651 est
1191 1573 1354 1651 Serrium

343 1712 440 1785 illurn
465 1709 581 1801 fuisse,
601 1709 769 1807 optimum
788 1708 955 1807 judicem,
981 1710 1082 1809 cujus
1105 1711 1250 1785 Flaccus
1274 1710 1358 1785 lau*

343 1845 423 1920 dem
443 1844 625 1942 appetebat
637 1843 665 1930 ²,
690 1867 793 1942 quem
819 1844 948 1918 Plinius
967 1843 1057 1920 inter
1076 1845 1221 1920 erotioos
1236 1854 1353 1943 poetas

342 1977 663 2070 annumeravit³‚ot
679 1978 778 2076 cujus
788 1978 929 2054 Ovidius
951 1979 1134 2077 «improba
1149 1978 1346 2054 carminata,

342 2137 415 2191 esse
453 2112 624 2192 dicebat
666 2113 702 2189 Si
743 2122 878 2211 patrem
920 2113 1083 2210 Sulpicia
1134 2136 1216 2189 eum
1251 2113 1352 2188 luisse

341 2270 556 2340 censeamus,
585 2248 670 2323 nihil
689 2250 817 2337 mirum
835 2249 926 2347 quod
942 2248 1070 2347 aliquid
1097 2249 1209 2324 simile
1229 2249 1263 2322 in
1291 2249 1346 2323 in-

340 2383 416 2459 dole
442 2384 580 2481 puellae,
597 2382 748 2481 ingenio,
765 2391 839 2459 arte
852 2383 1000 2481 poetica,
1018 2383 1173 2458 moribus
1190 2381 1348 2490 ¹denique

340 2525 560 2623 superfuerit.

389 2661 448 2734 His
463 2660 574 2750 dictis,
594 2656 747 2735 fabulam
767 2659 990 2757 inspiciamus
1004 2685 1082 2759 quae
1100 2685 1120 2737 e
1137 2662 1349 2738 carminibus

283 2792 288 2800 “
337 2795 390 2869 vel
408 2793 531 2868 Tibulli
550 2795 602 2869 vel
617 2795 779 2891 Sulpicia·
794 2795 942 2884 eminet3
965 2794 1119 2870 fabulam
1131 2797 1347 2895 jucundissi-

337 2951 431 3002 mam
445 2936 480 3003 et
497 2927 614 3026 magni
628 2929 795 3004 momenti
808 2929 852 3004 ad
872 2930 1157 3028 introspiciendus
1171 2933 1350 3008 Romanos

336 3085 448 3138 mores
464 3063 555 3138 circa
572 3062 698 3137 Tibulli
713 3072 865 3140 aetatem.
889 3066 926 3140 Si
948 3066 1056 3140 nostri
1074 3067 1240 3163 temporis
1255 3067 1343 3142 bene

373 3261 398 3316 1.
420 3259 465 3330 lV,
480 3261 505 3330 8,
523 3259 549 3329 5,
565 3277 625 3334 sqq.
645 3278 653 3316 :

476 3399 540 3464 Jam,
551 3399 651 3450 nimium
665 3399 768 3449 Messala
778 3398 826 3449 mei
838 3399 954 3462 studiose,
970 3400 1081 3464 quiescas

511 3473 563 3521 llon
574 3473 725 3534 tempestivae
735 3485 802 3534 saepe
820 3471 954 3535 propinque
967 3473 1023 3524 riae.

474 3542 518 3592 llic
528 3544 635 3592 animam
649 3557 786 3606 sensusque
801 3557 869 3593 meos
883 3546 988 3594 abducta
1002 3545 1113 3608 relinquo

510 3614 615 3664 Arbitrio
629 3615 744 3676 quoniam
757 3629 806 3664 non
816 3616 876 3665 sinis
890 3630 946 3666 esse
957 3630 1022 3668 meo.

369 3788 397 3844 Ξ.
417 3789 491 3856 Set„
508 3787 529 3858 1,
545 3787 588 3857 lb,
604 3788 650 3844 94.

369 3875 395 3933 3.
416 3878 483 3948 Ep,
498 3877 529 3947 V,
541 3877 568 3946 3,
582 3877 608 3933 5.

368 3967 395 4022 l.
419 3966 562 4039 Trist.,ll,
577 3968 640 4024 tlt.

367 4057 393 4113 5.
415 4055 453 4111 of.
468 4055 512 4111 W.
527 4055 642 4126 Teuffel,
655 4057 823 4116 namucum
832 4060 995 4130 Liternina,
1008 4059 1071 4130 Μ,
1085 4060 1116 4130 3;
1130 4059 1255 4118 translat.
1265 4061 1343 4134 gall,

330 4153 351 4204 t.
362 4145 385 4216 Ι,
401 4145 476 4218 pli.
