3117 5042
803 558 981 630 ..eg-

428 733 607 807 len-ml.
634 731 819 808 Addictum
842 741 966 808 tameu'
984 757 1020 808 se
1044 733 1198 808 Messalae
1217 735 1251 809 in
1273 759 1394 833 perpe-
1470 786 1473 791 -

380 871 478 943 tuum
497 865 700 964 profitetur3
728 867 783 942 vel
809 874 977 953 marmus,
1008 868 1076 962 vel,
1104 876 1238 943 mutata
1266 867 1390 954 ferma,

380 1025 490 1101 equus
508 1000 619 1076 lactus
635 1000 796 1077 laurusve
811 1008 872 1076 aut
885 1001 971 1093 avis,
988 1025 1125 1102 semper
1145 1003 1296 1078 Messalae
1311 1004 1393 1077 lau-

381 1135 441 1210 des
456 1142 566 1210 canet.

429 1270 545 1344 Pauca
571 1267 712 1367 quidem
731 1277 812 1344 sunt
829 1291 908 1366 quas
928 1291 971 1344 ex
992 1269 1049 1343 illu
1072 1268 1227 1350 carmine
1245 1269 1289 1344 de
1309 1291 1395 1367 per-

378 1411 464 1477 suua
501 1411 611 1502 puetae
648 1403 809 1501 colligere
850 1403 1054 1501 pessimus:
1096 1403 1391 1479 adulescentulum

379 1537 567 1636 quemdam
598 1537 784 1631 ridemus,
818 1538 901 1636 qui,‘
926 1546 995 1614 teta
1032 1561 1130 1637 paene
1169 1561 1208 1614 re
1235 1535 1393 1611 familiari

379 1672 558 1771 spoliatus,
580 1673 654 1746 sine
672 1672 779 1748 dubie
800 1694 877 1747 cum
900 1673 1072 1748 triumviri
1091 1695 1192 1773 agros
1215 1673 1305 1748 inter
1323 1671 1395 1745 mi·
1475 1677 1479 1682 '

383 1808 459 1884 lites
480 1807 603 1905 partiti
622 1817 714 1900 sunt,
738 1809 877 1885 circiter
895 1831 1004 1884 annus
1025 1810 1095 1883 712
1114 1818 1175 1883 aut
1194 1808 1279 1900 713,
1299 1807 1395 1882 veri-

386 1953 510 2041 tusque
528 1966 572 2019 ne
584 1944 619 2018 iu
634 1943 746 2019 simile
761 1967 879 2020 rerum
902 1945 1087 2020 discrimen
1097 1943 1204 2043 (quud
1217 1967 1310 2018 anuo
1326 1942 1395 2017 7⁶23

385 2077 604 2176 imminebat)
621 2087 774 2173 vocetur,
789 2081 942 2156 Messala
954 2080 1148 2177 hujusanui
1161 2079 1291 2155 censali
1306 2077 1395 2152 lactu

381 2236 417 2290 se
433 2212 679 2289 cummendare
692 2221 853 2306 cenatur,
877 2223 915 2290 ut
937 2215 971 2290 id
990 2215 1136 2290 retineat
1158 2212 1250 2311 quud
1268 2237 1288 2288 e
1307 2190 1396 2310 pris*

382 2349 453 2422 tina
481 2348 675 2424 calamitate
695 2357 889 2425 servaverat
914 2349 1119 2424 amissamre
1138 2357 1269 2448 partem
1292 2369 1395 2422 recu·

382 2490 491 2581 peret.

430 2618 589 2693 Occurrit
603 2640 683 2694 vern
700 2619 733 2693 in
747 2617 861 2716 prima
871 2618 997 2693 Tibulli
1011 2617 1100 2692 libre
1114 2617 1237 2716 elegia,
1249 2617 1395 2714 septima

383 2751 524 2842 seilicet,
539 2775 618 2850 qum
634 2753 813 2829 Messalam
830 2776 969 2852 quoque
987 2753 1140 2828 celebrat
1161 2763 1196 2826 et
1214 2775 1307 2849 quae,
1330 2760 1399 2826 ute

382 2886 546 2960 carminis
569 2887 762 2964 conditione
783 2889 950 2980 cernitur,
972 2909 1064 2962 anne
1092 2886 1162 2959 727
1182 2885 1310 2983 scripta
1332 2893 1395 2960 est.

382 3020 489 3096 Poeta
503 3018 595 3096 euim
616 3022 768 3098 Messalae
782 3021 1015 3122 triumphum,
1040 3023 1101 3121 qui
1125 3043 1165 3095 eo
1188 3041 1281 3094 aune
1302 3028 1399 3094 actus

384 3164 448 3244 est,
473 3153 632 3232 laudibus
659 3157 789 3233 extollit
805 3159 831 3231 ¹.
857 3159 1026 3233 Accurate
1052 3155 1179 3256 legenti
1208 3153 1399 3228 arctissime

383 3291 519 3367 vinculo
559 3293 653 3366 illam
687 3293 833 3392 elegiam
861 3315 942 3367 cum
975 3290 1182 3392 panegyrice
1223 3288 1397 3364 cuhaercre

386 3425 606 3502 manifestum
635 3434 697 3502 est.
734 3427 821 3502 Cum
845 3434 1013 3525 praterea
1039 3426 1083 3500 ab
1102 3424 1264 3500 amnibus
1289 3421 1398 3497 ductis

385 3561 465 3635 viris
479 3562 707 3636 Tibullo'sine
721 3561 935 3637 dubitatione
953 3554 1139 3652 tribuatur3
1161 3581 1238 3635 eam
1260 3576 1399 3656 qunque

387 3695 637 3794 inspiciamus;
691 3696 805 3772 forsan
848 3695 946 3772 uubis
984 3695 1103 3769 lumen
1144 3692 1317 3791 quoddam
1356 3689 1398 3766 de

390 3830 598 3928 panegyrico
617 3830 741 3907 afferre
755 3831 903 3929 peterit:

428 4025 453 4080 l.
474 4023 545 4079 Fasti
569 4023 772 4099 triumphales:
792 4045 804 4080 ι
819 4024 853 4082 M.
877 4024 999 4106 Valerius
1013 4024 1047 4081 M.
1069 4025 1088 4080 l.
1104 4023 1138 4080 Mt
1153 4019 1183 4078 lt.
1204 4020 1320 4079 Messala
1335 4019 1400 4078 Cur·

391 4112 470 4170 vinus
484 4128 591 4185 procus.
608 4131 640 4171 ex
654 4113 739 4172 Gallia
754 4114 810 4172 Vll.
827 4131 851 4172 c.
868 4123 921 4173 net.
939 4131 963 4171 a.
981 4111 1175 4172 DCCllllVll.»
