3117 5042
733 552 912 621 ..72-

360 728 490 801 lterum
507 725 610 824 igitur
626 725 719 799 illam
733 748 754 800 a
767 748 804 800 se
814 732 894 802 aute
908 747 1029 802 omnes
1046 726 1202 819 adamari
1214 729 1324 829 jurat,

312 860 371 936 sed
396 882 476 936 mox
500 857 724 934 confessionis
744 882 825 935 eum
850 862 1005 959 poenitet.
1032 863 1145 939 Timet
1163 863 1256 939 euim
1278 887 1324 941 ue

312 994 440 1093 puella,
459 983 596 1092 imperii
614 995 762 1085 conscia,
784 996 891 1070 nimia
915 997 1026 1096 gratia
1047 997 1136 1072 male
1155 1006 1273 1073 ulatur
1290 1010 1324 1074 et

312 1130 418 1203 enimi
434 1129 603 1203 levitatem
614 1152 697 1228 erga
707 1140 881 1205 amantem
894 1140 1073 1206 exerceat:

392 1394 469 1472 Qud
483 1393 558 1459 facio
575 1396 721 1459 demens?
734 1397 808 1460 beu!
826 1397 902 1460 heu!
920 1417 987 1461 mea
1001 1399 1127 1480 pignora
1141 1399 1228 1462 cedo.

433 1494 532 1558 Juravi
547 1495 635 1557 stulte
651 1513 658 1556 :
673 1496 813 1576 proderat
826 1495 882 1558 iste
899 1497 998 1559 timor.
1244 1509 1247 1514 ’

392 1592 478 1656 Nunc
490 1599 523 1654 tu
536 1592 620 1656 sortis
632 1592 702 1671 eris,
718 1612 797 1657 nuuc
812 1604 843 1656 tu
859 1614 907 1656 me
920 1595 1063 1658 audacius
1075 1615 1143 1658 ures
1158 1618 1166 1658 ε

435 1690 498 1754 Hoc
511 1691 626 1773 peperit
643 1691 751 1754 misero
769 1692 889 1772 garrula
903 1693 1006 1774 lingua
1020 1695 1144 1757 malum.

391 1787 467 1867 lam,
478 1789 568 1851 iacias
578 1789 788 1872 quodcumque
799 1793 891 1868 voles,
901 1799 970 1854 tuus
981 1811 1075 1874 usque
1089 1792 1228 1869 manebo,

434 1888 494 1950 Nec
508 1886 618 1966 tugiam
635 1895 710 1950 uotae
726 1889 881 1951 servitium
897 1890 1036 1969 dominae,

398 1985 456 2050 Sed
470 1985 595 2049 Veneris
611 1993 720 2049 sauctae
734 1987 888 2049 considam
903 1987 998 2051 victus
1013 1989 1049 2052 ad
1062 2007 1140 2052 aras.

435 2084 505 2146 Haec
517 2092 599 2147 notat
615 2083 743 2164 injustos
758 2085 1001 2168 supplicibusque
1014 2086 1120 2150 lavet¹.

365 2347 544 2421 Moxeuim
555 2345 752 2423 eumfidaur
762 2349 1070 2447 uouessepuellam
1082 2372 1202 2425 rumor
1212 2349 1327 2427 docet.

317 2483 405 2573 Quid
421 2489 520 2558 tum?
542 2458 615 2558 Nou
643 2483 813 2575 irascitur,
839 2483 911 2570 sed,
940 2485 1091 2583 aequiore
1122 2494 1158 2560 et
1170 2487 1327 2562 toleranti

319 2619 450 2708 auimo,
476 2605 622 2716 aseuicl
634 2619 705 2715 ipso
721 2617 906 2716 impetrare
923 2609 1056 2694 videtur
1079 2629 1115 2694 ut
1133 2623 1245 2696 taceat
1267 2645 1332 2720 pa-

319 2751 509 2850 tiaturque:

401 3019 515 3084 Rumor
529 3019 571 3081 ait
584 3018 688 3082 crebro
704 3027 837 3082 nostram
851 3038 974 3101 peccare
990 3020 1119 3102 puellam
1138 3041 1145 3082 :

442 3119 527 3181 Nunc
543 3137 598 3198 ego
613 3137 660 3180 me
675 3119 774 3181 surdis
790 3119 913 3181 auribus
929 3138 995 3180 esse
1009 3118 1109 3180 velim.

404 3216 535 3280 Crimina
549 3236 608 3278 nou
622 3217 684 3278 baec
698 3224 768 3279 sunt
783 3225 884 3280 nostro
901 3216 967 3278 siue
980 3217 1060 3297 jacta
1071 3217 1186 3280 dolore.

442 3314 519 3390 Quid
533 3317 675 3378 miserum
692 3316 835 3398 torques?
850 3316 964 3379 Rumor
980 3315 1099 3393 acerbe,
1114 3317 1207 3379 tace².

373 3550 447 3623 Non
465 3550 512 3624 ita
529 3545 669 3650 quidem
691 3551 832 3626 ineunte
850 3559 951 3627 aetate
971 3559 1005 3627 et
1025 3552 1144 3649 prioris
1160 3552 1337 3628 amoribus

325 3681 503 3781 perfidiam
532 3685 690 3760 Tibullus
719 3685 916 3784 accepisset.
944 3686 1086 3769 Abella
1103 3709 1165 3760 sua
1183 3672 1335 3777 delusus,

364 4023 388 4077 l.
412 4020 456 4089 lv,
471 4024 514 4092 13,
533 4023 565 4078 tl
581 4040 641 4097 sqq.

363 4109 390 4167 2.
411 4109 513 4180 lv,tt.
