3117 5042
784 571 963 642 ..60-

377 763 457 816 uem
477 742 582 839 possit
603 741 800 834 admittere,
823 743 955 818 cultum
977 766 1048 843 qno
1062 742 1210 820 educata
1224 752 1276 820 est
1293 754 1381 821 tem·

374 875 536 974 purisque
572 899 686 953 mores
720 876 877 975 proferre
915 879 1028 954 liceat.
1065 880 1251 977 Nunquam
1286 903 1387 955 amor

375 1009 611 1086 fervidioribus
635 1011 748 1086 verbis
775 1035 837 1087 usa
861 1020 925 1102 est,
953 1013 1087 1088 minore
1110 1013 1320 1089 verecundia
1349 1035 1386 1090 se

377 1145 514 1237 velarit,
531 1145 657 1244 gaudia
676 1154 709 1222 et
735 1147 927 1244 voluptates
946 1146 1098 1245 professa
1123 1156 1186 1222 est.
1216 1147 1387 1223 Testimo-

376 1279 475 1355 nium
493 1288 574 1356 ante
586 1281 767 1357 omniaest
785 1281 869 1357 iliud
895 1304 1051 1371 carmen,
1074 1281 1275 1358 mirandum
1291 1291 1385 1359 certe

373 1422 459 1490 aestu
476 1415 647 1513 cupidinis
660 1424 694 1491 et
708 1416 818 1514 eulpae
832 1416 1017 1516 superbia:

475 1630 606 1694 Tandem
623 1630 703 1694 veuit
717 1649 822 1694 amor:
840 1630 959 1713 qualem
972 1632 1081 1694 texisse
1094 1630 1202 1713 pudori
1268 1645 1271 1651 ·

514 1731 609 1804 Quam
624 1729 754 1793 nudasse
768 1729 857 1794 alicui
874 1730 912 1792 sit
924 1730 997 1792 mihi
1014 1730 1093 1792 tama
1108 1731 1210 1811 magis.

476 1829 602 1892 Exorata
616 1829 691 1890 meis
708 1829 792 1892 illum
809 1829 953 1911 Cytherea
966 1829 1102 1892 Camenis

516 1927 621 1990 Attulit
635 1927 666 1988 in
679 1936 814 1991 uestrum
830 1927 1029 2009 deposuitque
1044 1927 1153 1990 sinum.

476 2024 607 2087 Exsolvit
622 2025 767 2107 promissa
779 2025 881 2088 Venus
898 2045 905 2086 :
921 2044 987 2087 mea
999 2025 1107 2103 gaudia
1121 2032 1233 2102 narret,

516 2123 637 2187 Dicetur
652 2124 677 2186 si
692 2124 760 2205 quis
777 2142 838 2185 non
851 2122 991 2186 babuisse
1006 2141 1070 2185 sua.

475 2223 540 2286 Neu
553 2241 607 2303 ege
620 2223 746 2302 signatis
760 2222 923 2306 quidquam
938 2223 1081 2285 mandare
1097 2221 1224 2300 tabellis,

515 2321 558 2384 Ne
577 2321 659 2401 legat
673 2322 703 2385 id
719 2340 807 2384 nemo
824 2340 912 2403 quam
928 2340 1011 2383 inens
1022 2327 1102 2399 ante,
1116 2320 1217 2397 velim,

479 2421 536 2484 Sed
553 2439 690 2500 peccasse
703 2420 798 2503 juvat,
814 2420 913 2481 vultus
929 2437 1107 2502 componere
1122 2419 1208 2482 iamae

518 2518 618 2581 Taedet
634 2539 641 2580 :
659 2537 724 2581 eum
741 2519 832 2598 digno
848 2519 937 2599 digna
948 2518 1041 2580 inisse
1056 2517 1165 2581 ferar¹.

426 2742 543 2819 Nullos
567 2749 628 2818 aut
659 2741 752 2840 apud
785 2741 944 2839 antiquos
975 2752 1037 2817 eut
1062 2741 1153 2839 apud
1182 2742 1390 2818 recentiores

382 2901 496 2952 versus
518 2878 674 2954 novimus
697 2876 824 2975 quibus
842 2873 1006 2950 fervidior
1022 2886 1057 2952 et
1069 2877 1180 2952 acrior
1205 2876 1331 2976 cupido
1347 2877 1390 2951 sit

380 3011 543 3087 exhibita.
568 3015 648 3087 Post
668 3013 809 3113 longam
827 3012 1115 3109 expectationem,
1141 3011 1267 3109 puelia,
1285 3034 1388 3108 supe·

379 3149 462 3224 ratis
477 3147 657 3248 objicibus,
676 3149 743 3225 voti
756 3171 898 3247 compos
916 3172 989 3247 prae
1006 3145 1132 3245 gaudio
1147 3144 1250 3220 veluti
1264 3143 1361 3221 turit.

428 3283 466 3357 ln
487 3283 643 3380 sequenti
655 3284 823 3376 carmine,
835 3292 956 3360 octavo
966 3281 1109 3371 scilicet,
1128 3279 1278 3354 invisum
1290 3287 1389 3354 nata-

379 3417 448 3493 lem
471 3417 673 3504 detestatur,

822 3561 878 3634 Qui
893 3578 964 3621 rure
977 3559 1101 3622 molesto

540 3660 576 3723 Et
591 3661 655 3724 sine
669 3658 811 3724 Cerintho
825 3658 921 3722 tristis
936 3660 1071 3737 agendus
1081 3658 1166 3720 etita

381 3842 465 3940 Ejus
488 3841 644 3915 aninmm
660 3841 710 3916 vet
728 3839 872 3915 minima
887 3861 984 3915 mora
998 3837 1136 3928 efferam
1161 3839 1188 3913 si
1208 3838 1290 3936 quid
1312 3860 1389 3913 eam

419 4060 444 4115 r.
464 4059 508 4127 rr,
524 4058 549 4113 r.

419 4148 445 4210 a
466 4147 549 4224 uqa,
563 4147 618 4211 re.
