3117 5042
609 621 787 692 ..45-

191 815 256 868 nee
269 799 385 867 tamen
401 791 436 866 in
448 791 625 890 publicum
639 794 778 892 propria
793 794 835 871 de
849 794 898 872 eis
911 796 1067 871 earmina
1081 797 1203 890 edidit,

194 949 275 1000 nam
292 925 419 1001 tabulae
438 949 596 1024 persona,
622 935 659 1002 ut
681 926 772 1003 infra
793 930 1073 1022 monstrabimus,
1091 931 1205 1028 puella

192 1059 354 1158 quaedanr
388 1068 464 1136 erat
505 1060 629 1163 illu-stri
667 1086 795 1162 genere
828 1072 920 1141 nata.
963 1065 1043 1139 Post
1079 1065 1206 1140 Tibulli

192 1202 354 1286 mertem,
369 1218 476 1290 nuum
492 1195 565 1293 jann
584 1195 656 1272 sine
669 1196 876 1274 detrimento
890 1198 979 1272 illius
993 1198 1037 1273 de
1055 1199 1205 1296 Sulpicia

192 1328 278 1426 elegi
298 1329 428 1429 vulgari
447 1338 600 1427 possent,
625 1330 669 1404 ab
691 1330 822 1408 editore
845 1333 959 1430 quarti
981 1332 1057 1406 iibri
1081 1333 1204 1430 prelati

192 1471 295 1550 sunt3
319 1463 399 1560 quin
421 1463 528 1538 irnnre
547 1464 670 1562 puellae
687 1464 791 1562 ipsius
809 1465 974 1564 epistolae,
991 1467 1085 1541 velut
1098 1466 1205 1562 decu,-

192 1605 320 1684 menta,
336 1606 416 1672 sunt
426 1597 599 1697 adjunctae
614 1601 634 1672 ¹.

239 1730 570 1808 Planetibullianenr
583 1741 706 1820 artem,
723 1755 792 1806 nen
800 1732 888 1831 jam,
903 1732 983 1807 utin
997 1734 1205 1832 panegyrice

190 1864 1205 1965 Messalee‚rudern,sedeptimametexaetanr,prierseries

190 1999 383 2074 denuntiat.
403 1999 572 2074 drsenim
586 2000 658 2091 illa,
677 2007 714 2074 ut
732 2000 885 2089 solitum,
909 2024 971 2074 usu
985 2009 1020 2075 et
1030 2001 1204 2076 exercita·
1302 2059 1322 2102 4

190 2133 282 2208 tione
312 2143 479 2209 creverat.
515 2134 609 2232 Elegi
643 2133 686 2209 de
719 2134 872 2231 Sulpicia
897 2142 1052 2232 tempere
1080 2133 1206 2219 eedern,

188 2268 305 2365 seripti
321 2292 393 2345 esse
409 2269 569 2345 uidentur
590 2291 660 2367 que
681 2268 837 2344 earmina
855 2268 898 2342 de
919 2269 1029 2358 Delia,
1055 2268 1108 2342 vel
1132 2291 1201 2343 nen

191 2403 297 2479 multu
330 2402 455 2502 pust²;
487 2427 583 2493 nam,
618 2411 743 2500 preater
780 2402 949 2477 rationem
988 2410 1200 2500 temporum,

188 2558 272 2611 eura
283 2537 415 2627 similia
432 2560 532 2635 pares
546 2537 732 2612 virtutesin
748 2537 900 2635 utrisque
913 2537 1200 2635 cernunturAEgo

186 2670 327 2767 quidenr
344 2671 419 2746 illes
433 2672 536 2769 paule
549 2669 720 2746 inferioris
736 2670 858 2762 aetatis,
870 2678 1010 2768 prepter
1026 2670 1200 2768 majorem

188 2803 376 2900 quamdam
400 2803 654 2897 excellentiam,
675 2826 747 2879 esse
768 2812 865 2902 pute.
891 2803 962 2877 Etsi
984 2827 1026 2878 ex
1052 2803 1201 2878 alienate

188 2936 295 3012 Deliae
330 2961 450 3014 amere
483 2937 675 3013 maximum
705 2938 861 3014 delorem
893 2947 993 3037 poeta
1034 2937 1198 3036 percepit,

222 3203 248 3260 l.
270 3202 378 3260 Amoris
390 3203 464 3260 illius
480 3202 558 3261 testis
571 3211 600 3260 et
614 3203 676 3260 sine
691 3201 775 3259 dubie
790 3201 915 3259 conscius
927 3208 1009 3276 poeta
1021 3201 1125 3271 tuerat;
1139 3201 1199 3258 tur-

187 3292 240 3349 tire
256 3293 327 3348 enim
342 3292 500 3368 inpropriis
515 3291 684 3352 carminibus
696 3290 875 3366 epistolarum
893 3290 1014 3348 sermoni
1027 3289 1124 3348 alludit
1139 3291 1197 3362 (lv,

187 3382 213 3454 6,
226 3383 333 3454 tt-tat:

361 3503 410 3554 Nee
424 3503 501 3566 pessit
513 3504 613 3566 cupidos
623 3503 729 3569 uigilans
745 3501 897 3566 deprendere
909 3505 990 3552 rustes

400 3575 558 3639 Fallendique
570 3576 621 3626 viae
634 3575 701 3625 milla
715 3574 838 3624 ministret
848 3587 927 3626 arnor.

220 3701 245 3759 2.
267 3703 306 3761 Cf.
318 3704 362 3760 W.
372 3704 485 3773 Teuffel,
502 3705 622 3763 Studien
637 3705 698 3762 und
712 3703 864 3770 Gberaltl„
878 3721 905 3776 p.
923 3703 972 3760 361
989 3720 996 3758 :
1017 3699 1195 3759 (Verisimile

185 3799 227 3849 est
237 3793 405 3868 conscriptas
420 3810 480 3850 esse
502 3794 563 3850 illas
587 3793 690 3868 elegias
709 3801 833 3866 tempore
848 3809 902 3866 que
919 3808 1027 3848 amores
1041 3807 1103 3847 curn
1118 3790 1196 3847 Delia

184 3881 329 3956 interrupti
342 3890 405 3939 sunt
420 3900 471 3939 nec
481 3882 571 3939 adbuc
586 3882 688 3957 incepti
698 3890 776 3939 erant
785 3897 895 3937 amores
907 3898 968 3937 eum
980 3880 1089 3938 Nemesi
1102 3878 1195 3953 etGly·

185 3988 255 4027 cera.
273 3972 370 4045 Magna
389 3972 462 4028 enirn
482 3973 510 4027 in
534 3970 590 4028 illis
604 3973 727 4028 cernitur
741 3969 883 4026 muliebris
899 3970 1005 4043 ingenii
1020 3971 1135 4026 seientia
1147 3969 1195 4024 sed

183 4060 276 4116 nullus
291 4061 419 4134 proprius
432 4062 559 4130 affectus3
581 4078 625 4118 ars
645 4060 683 4116 ibi
701 4060 841 4131 objectiva
856 4067 931 4115 est.)
949 4058 1010 4114 Vid.
1025 4059 1107 4115 etiarn
1123 4056 1194 4112 infra

183 4164 209 4220 p.
222 4149 266 4206 68.
