3117 5042
616 580 770 646 ‚5-

236 757 394 855 Longum
417 757 460 828 sit
485 765 691 854 argumenta
718 759 923 835 contrahere
957 762 1082 858 quibus
1111 788 1196 860 pro-

186 890 300 986 prium
321 889 465 987 quisque
486 891 699 987 propositum
714 891 771 989 adj
779 893 866 980 uvit;
885 893 966 967 satis
987 895 1022 968 in
1038 899 1198 994 praesenti

187 1023 322 1098 habebo
339 1046 511 1120 exponere
530 1025 612 1121 quid
641 1025 868 1099 certissimum
891 1027 1004 1126 colligi
1029 1031 1132 1126 possit
1154 1032 1200 1107 de

186 1179 322 1230 summa
343 1157 447 1230 totius
474 1157 724 1255 disputationis,
752 1159 882 1233 scilicet
903 1159 945 1234 de
966 1159 1035 1236 lide
1055 1185 1201 1260 operum

137 1355 138 1359 ,
187 1312 265 1386 quac
292 1289 416 1363 Tibulli
435 1313 561 1366 nomen
591 1289 795 1387 praeierunt.
827 1292 961 1366 Primus
979 1303 1013 1368 et
1032 1296 1202 1371 secundus

187 1423 273 1497 liber
296 1431 407 1521 poeta
426 1423 573 1497 adscribi
591 1433 734 1521 possunt
748 1434 783 1499 et
797 1425 840 1498 ab
860 1448 902 1501 eo
918 1425 991 1500 sine
1009 1428 1113 1503 dubio
1125 1439 1203 1504 sunt

187 1556 291 1646 editi;
312 1557 447 1645 tertius,
472 1556 514 1630 ab
532 1558 695 1632 omnibus
718 1558 790 1634 lere
812 1560 920 1634 doctis
946 1561 1199 1659 abjudicatus¹,

187 1689 363 1788 Lygdamo
377 1690 539 1766 ouidanr2
553 1691 731 1766 tribuitur.
753 1692 852 1782 Quod
874 1716 956 1768 vero
978 1694 1022 1769 ad
1041 1705 1201 1792 quartum

188 1824 322 1916 attinet,
339 1825 517 1899 sententia
542 1825 631 1900 inter
645 1849 681 1900 se
701 1827 799 1902 valde
819 1827 1050 1924 discrepantes
1062 1832 1203 1926 prolatae

187 1966 282 2047 sunt,
297 1980 360 2032 nec
372 1958 468 2055 parvi
487 1958 611 2032 laboris
629 1967 679 2034 est
697 1959 789 2034 inter
801 1961 975 2058 proposita
986 1965 1204 2059 praestantis-

187 2091 354 2165 simorum
377 2091 560 2166 hominum
583 2094 788 2169 auctoritate
813 2093 898 2168 fulta
924 2095 1088 2187 deligere.
1114 2099 1205 2172 Sunt

187 2225 277 2300 inter
295 2225 412 2300 doctos
436 2225 494 2323 qui
524 2234 635 2300 tolum
664 2227 761 2300 illum
795 2227 921 2301 librum
950 2229 1085 2303 Tibullo
1106 2214 1205 2304 attrie'

189 2359 311 2445 buaut,
330 2366 406 2432 sunt
423 2359 482 2456 qui
508 2368 620 2434 totum
639 2360 855 2458 abjudicent,
871 2370 951 2436 suut
979 2363 1038 2459 qui
1056 2365 1110 2437 vel
1128 2367 1203 2461 plus

187 2493 240 2567 vel
262 2493 378 2567 minus
401 2494 596 2568 carminum
625 2494 750 2591 quibus
784 2504 916 2570 constet
943 2496 1125 2570 admittant
1144 2507 1203 2572 aut

188 2627 357 2725 rejiciant.
375 2628 426 2702 llli
443 2629 547 2726 igilur
565 2637 689 2726 quarto
706 2628 793 2702 libro
812 2628 1025 2719 incumbam,
1038 2639 1110 2704 tum
1124 2633 1205 2730 quia

189 2761 340 2834 maxima
359 2762 402 2836 de
425 2785 494 2860 quo
513 2762 698 2860 disputatio
719 2770 753 2837 et
768 2763 938 2837 dubitatio
953 2773 1017 2854 est,
1033 2773 1107 2838 tum
1120 2768 1202 2863 quia

185 2895 220 2967 in
250 2903 320 2968 toto
345 2905 456 2993 poetae
482 2919 586 2992 opere
620 2898 711 2970 nulla
741 2898 809 2970 alia
831 2921 910 2994 pars
939 2907 990 2972 est
1016 2898 1072 2972 oui
1094 2900 1206 2997 major

130 3077 135 3087 ·
192 3050 276 3102 cure
296 3028 493 3104 adhibenda
511 3029 565 3103 sit.
600 3029 767 3118 Quaedam
793 3032 827 3104 in
846 3053 887 3104 eo
907 3039 987 3104 suut
1000 3013 1202 3125 mediocria,

188 3159 259 3237 lere
300 3161 411 3237 tirone
460 3164 612 3259 quodam
638 3142 764 3262 dignor
794 3172 873 3236 sunt
896 3165 995 3261 plura
1018 3165 1150 3260 optima
1170 3173 1204 3238 et

189 3296 323 3369 eximiae
340 3297 435 3386 artis,
459 3297 510 3371 vel
527 3296 642 3392 lepore
667 3297 719 3370 vel
742 3283 893 3392 quodam
924 3295 1058 3372 fervore
1077 3298 1205 3372 amoris

186 3429 288 3526 plena
302 3438 336 3505 et
355 3430 453 3527 qnasi
469 3431 653 3504 flammam
673 3452 767 3503 nunc
783 3429 888 3503 etiam
902 3431 1079 3526 spirantia.

234 3659 258 3714 t.
279 3657 357 3715 Solus
370 3659 404 3716 ll.
420 3661 463 3716 W.
474 3659 540 3717 Fuss
556 3661 583 3716 in
600 3661 785 3735 disputatione
799 3663 841 3719 Dc
854 3661 1011 3733 electorum
1032 3662 1106 3718 libro
1123 3677 1205 3733 poem

195 3747 335 3820 Lypdumi
345 3765 400 3807 coac
413 3753 527 3822 potunt,
545 3750 713 3819 Monasterii,
726 3751 805 3820 1867,
817 3749 965 3818 contendit,
979 3750 1029 3806 sed
1037 3749 1205 3808 tenuissimis

193 3839 371 3909 argumentis,
383 3837 485 3894 librum
498 3838 607 3895 Tibullo
622 3839 798 3896 tribuendum
813 3857 883 3896 esse.

228 3925 254 3980 2.
275 3925 312 3983 lle
327 3927 473 4002 Lygdum,
493 3927 547 3985 vid.
562 3928 643 3997 infra,
656 3946 685 4003 p.
698 3928 741 3984 15.

614 4172 771 4180 ψ
