3117 5042
631 795 728 937 ,nr

193 1071 494 1259 ouium
549 1064 874 1257 rmumr
931 1061 1163 1264 riano

494 1908 868 1998 PROOEMIUM

224 2267 296 2342 Etsi
335 2245 545 2364 jamdudum
588 2263 650 2337 sub
692 2263 818 2337 Tibulli
863 2264 1001 2340 nomine
1039 2258 1190 2362 quatuor

176 2401 352 2500 elegorum
367 2398 446 2472 libri
462 2397 706 2484 inscribantur,
718 2397 905 2495 plurimum
917 2397 1014 2473 abest
1026 2405 1063 2473 ut
1072 2400 1190 2474 omnia

175 2535 233 2608 illa
258 2532 414 2610 earmina
438 2555 559 2630 param
591 2531 833 2608 alletoritatem
864 2530 1070 2608 habeantet
1097 2542 1189 2609 reolo

175 2667 296 2744 relerri
325 2675 455 2765 queant
482 2665 524 2741 ad
555 2663 718 2742 eumdem
745 2674 898 2764 poetam.
928 2666 1119 2755 Quaesitum
1140 2675 1192 2741 est

173 2803 248 2902 jam
262 2801 386 2900 sapius
405 2824 484 2899 quae
498 2800 634 2876 Tibullo
650 2800 898 2900 abjudicanda,
916 2825 995 2898 quae
1013 2801 1045 2877 ei
1062 2800 1192 2876 adseri-

179 2935 293 3010 bendu
316 2933 500 3010 videantur
516 2936 601 3009 ‚Non
616 2936 726 3010 solum
746 2933 838 3010 docti
858 2934 921 3008 viri
938 2937 1046 3010 multa
1059 2935 1190 3010 ineerta

177 3092 249 3145 esse
272 3068 308 3142 in
324 3068 440 3144 libello
465 3068 524 3166 qui
545 3068 608 3142 sub
634 3068 773 3144 nomine
795 3069 886 3144 illius
906 3077 1016 3167 poetae
1037 3070 1189 3144 eircum-

176 3202 288 3278 fertur
313 3201 570 3301 judicaverunt,
608 3201 668 3278 sed
701 3202 805 3278 etiam
836 3203 944 3276 multa
972 3203 1085 3288 aliena
1116 3226 1189 3278 esse

177 3334 417 3426 contenduul3
439 3335 643 3412 dissentiunt
664 3343 801 3409 tantum
822 3335 866 3410 de
888 3360 1035 3412 numero
1054 3338 1189 3412 earmi-

177 3492 260 3544 num
292 3493 371 3567 quae
392 3468 581 3569 rejicienda
608 3470 724 3544 sinlei
740 3467 784 3543 de
810 3470 1033 3567 scriptoribus
1064 3473 1189 3571 quibus

177 3603 318 3677 attribui
338 3602 498 3678 debeant.

180 3758 182 3762 ’
227 3736 376 3810 Nomina
404 3759 472 3810 non
504 3736 677 3834 proferam
702 3739 859 3813 omnium
884 3739 943 3837 qui
972 3739 1082 3815 multa
1108 3763 1193 3816 oure

181 3870 361 3968 multaque
403 3871 586 3968 prudentia
629 3873 854 3971 quaestionem
904 3874 998 3948 illam
1039 3876 1194 3975 agitave-

180 4011 275 4092 runt,
298 4027 341 4078 ne
365 4005 572 4102 ampliorem
589 4005 736 4082 indicem
755 4007 963 4083 constituere
981 4032 1119 4084 neeesse
1136 4011 1191 4083 sit.

185 4137 352 4225 Quaedam
374 4146 491 4214 tamen
516 4140 652 4215 silentio
674 4163 740 4216 non
761 4142 1068 4239 pretermittenda.
1092 4144 1196 4216 Post-

310 4264 472 4302 unnnounrr.
1083 4256 1094 4302 1
