3117 5042
595 555 773 623 „11-

223 730 309 802 Cum
344 727 631 824 llessalalegatus
662 725 696 798 iu
725 723 856 816 Asiam,
886 726 1020 801 circiter
1033 751 1066 801 a.
1091 729 1176 821 732,

172 859 347 960 proiectos
362 869 425 950 est,
439 861 550 958 primo
569 858 725 934 Tibullus
745 882 780 934 se
800 860 953 935 amioum
977 870 1183 940 secuturum

171 1019 245 1071 esse
260 994 419 1092 negavit:

253 1200 294 1262 Te
307 1199 419 1263 bellare
434 1199 520 1262 decet
533 1207 623 1278 terra,
641 1198 777 1280 Messala,
797 1199 932 1282 marique

293 1299 332 1364 Ut
343 1296 448 1360 domus
463 1297 587 1360 hostiles
603 1297 739 1379 praeterat
750 1298 882 1361 exuviae.

254 1396 298 1459 lle
313 1397 442 1459 retinent
458 1395 589 1458 vinctum
606 1396 743 1459 lormosae
757 1396 854 1458 vinela
868 1397 1005 1478 puellae¹.

223 1615 321 1690 Brevi
348 1624 479 1704 tamea,
501 1615 643 1692 oonsilio
665 1623 811 1706 mutato,
838 1615 883 1690 ad
905 1638 985 1691 eum
1010 1616 1187 1714 profectus

173 1758 238 1840 est,
262 1749 333 1838 sed,
355 1735 477 1825 morbo
499 1749 533 1823 in
553 1749 675 1826 itinere
701 1773 896 1849 oppressus,
916 1752 1075 1850 Corcyrae
1091 1773 1186 1827 com·

174 1884 303 1958 morari
334 1893 475 1958 coactus
504 1893 573 1978 est,
610 1884 667 1958 ubi
703 1885 977 1982 pulcherrimam
1020 1885 1111 1960 illam
1150 1893 1185 1960 et

174 2016 400 2092 tristissimam
417 2019 518 2115 primi
535 2017 614 2092 libri
631 2018 768 2094 tertiam
787 2019 934 2118 elegiam
947 2019 1109 2116 scripsit:

255 2259 341 2324 Ibitis
353 2261 465 2341 AEgaeas
487 2261 553 2322 siue
570 2279 629 2340 me,
648 2261 785 2338 Messala,
799 2279 852 2342 per
866 2260 973 2338 undas,

294 2359 317 2424 Ο
333 2360 447 2422 utinam
464 2377 613 2421 memores
628 2359 692 2440 ipse
707 2359 873 2439 cohorsque
885 2359 944 2420 mei
963 2379 970 2419 :

256 2459 302 2522 Me
318 2466 399 2521 tenet
412 2457 519 2537 ignotis
534 2475 647 2535 aegrum
664 2457 798 2520 Phaeacia
815 2456 924 2519 terris:

291 2556 451 2620 Abstineas
466 2556 579 2635 avidaS,
594 2555 683 2634 blora,
699 2569 817 2637 precor,
832 2563 896 2617 atra
908 2556 1045 2618 mauus².

224 2786 371 2859 Romam
388 2784 492 2882 igitur
508 2759 660 2860 reversus
679 2791 744 2873 est,
762 2805 827 2858 uec
844 2776 958 2857 tamen
981 2803 1187 2879 supremam

175 2918 266 2994 diem
286 2919 441 2994 breviore
458 2927 532 3015 post
546 2919 695 2994 reditum
710 2927 867 3016 tempore
881 2917 984 3010 obiit3
1000 2925 1070 2992 tres
1085 2916 1180 2991 euim

175 3052 277 3128 eliam
295 3075 403 3129 annos
426 3076 522 3144 eom,
544 3060 582 3128 ut
599 3053 762 3144 diximus,
781 3053 903 3127 vixisse
923 3050 1106 3126 verisimile
1126 3057 1178 3124 ost

177 3194 421 3285 mortuumque
436 3186 572 3262 circiter
587 3209 620 3262 a.
639 3186 723 3262 735.
736 3186 878 3262 Ovidius
892 3184 1187 3280 amicorumque-

175 3321 264 3396 relas
284 3312 320 3396 et
337 3319 542 3411 desiderium
558 3319 722 3417 expressit
734 3317 760 3392 ³.

222 3455 441 3553 Praecipuum
459 3455 612 3529 studium
638 3452 845 3552 impendisse
863 3460 897 3527 et
915 3473 1057 3527 omnem
1079 3450 1185 3525 vitam

177 3590 210 3663 in
228 3611 347 3666 amore
361 3589 538 3666 sentiendo
553 3598 588 3665 et
600 3588 757 3666 canendo
768 3585 1019 3686 consumpsisse
1032 3585 1186 3661 Tibullus

212 3887 236 3940 t.
257 3883 350 3942 53-55.

210 3973 235 4029 a.
257 3973 278 4042 1,
302 3975 329 4042 a,
344 3974 402 4030 1-5.

211 4061 235 4123 3.
256 4062 386 4132 Amores,
399 4064 449 4132 ΙΙΙ,
463 4064 489 4125 9.
