3117 5042
659 475 839 545 ..39-

242 629 421 746 ingenium
436 654 596 721 anetum
614 655 835 744 aeceperunt.
855 646 1000 720 Multum
1016 654 1089 722 erte
1101 656 1135 721 et
1149 670 1255 722 exen-

240 764 400 856 eitetieue
415 789 466 856 est
483 765 633 880 adjutus,
652 803 731 854 nam
753 776 787 854 ei
808 765 942 877 peetiee
960 781 1097 854 metelle
1117 766 1253 857 summe

240 915 309 989 selo
324 897 361 988 se
376 936 443 988 unu
466 913 677 1002 offerebant3
695 895 771 988 haee
789 901 909 989 uentre
928 937 947 989 e
967 922 1068 990 terrm
1096 918 1252 990 neveruis

240 1038 1252 1144 multelabereexcidebntetplurimeseeriuauroimmixtu

238 1191 430 1290 supererat,
451 1167 563 1257 denec
572 1167 716 1258 excuser
730 1183 861 1280 peritus
877 1167 1066 1285 evaderet.⁷
1157 1176 1161 1185 ’

287 1317 452 1392 Graviora
466 1327 547 1391 sunt
563 1317 615 1392 vel
628 1317 661 1391 in
676 1299 841 1391 culminis
852 1317 1040 1408 sententiis
1057 1317 1108 1391 vel
1129 1317 1164 1390 in
1179 1304 1253 1392 era·

239 1452 345 1543 tiene,
371 1452 424 1527 vel
449 1453 483 1525 in
511 1461 583 1527 erle
602 1443 760 1526 ¹metrice
778 1474 858 1549 quen
876 1450 1046 1553 tibulliani
1065 1442 1192 1547 ingenii
1216 1459 1251 1528 et

238 1586 361 1661 indolis
371 1586 469 1686 signe
482 1609 555 1684 pree
571 1576 615 1662 se¹
627 1585 753 1661 ferent.
770 1585 926 1659 Primum
942 1585 1034 1660 enim
1050 1585 1084 1658 iu
1103 1585 1256 1660 versibus

239 1720 399 1794 lul-174
413 1711 445 1796 el
462 1720 651 1794 183-1871
672 1729 814 1818 apparet
831 1720 914 1795 illud
931 1720 1009 1795 vilre
1021 1721 1164 1794 rustieae
1180 1711 1253 1795 stu'-

240 1855 334 1930 dium
364 1855 454 1953 qued
483 1855 518 1929 iu
547 1854 874 1953 plerisque'Tibulli
901 1854 1018 1951 elegiis
1032 1855 1249 1953 exprimitur.

238 1989 346 2063 Multa
358 1999 436 2063 sunt
447 1990 552 2064 etium
564 1989 599 2062 in
615 1988 800 2065 verberum
815 2013 879 2062 usu
894 1988 1145 2079 similitudines,
1159 2013 1250 2087 qnae,

237 2123 281 2197 ab
307 2147 369 2197 usu
391 2123 566 2197 communi
591 2122 797 2220 dicendique
824 2122 1072 2198 censue-tudine
1093 2113 1249 2212 remote,

237 2280 305 2334 nen
324 2281 443 2334 nasum
460 2258 519 2334 sed
536 2256 690 2356 ejusdem
706 2266 818 2354 peetae
839 2278 982 2330 manum
1004 2255 1207 2331 denuntiem
1222 2257 1246 2330 2.

273 2483 297 2538 1.
314 2481 454 2539 lul-tlt:

411 2602 464 2652 Neu
482 2601 558 2666 igitur
575 2614 658 2666 presso
676 2601 748 2652 tellus
761 2601 872 2666 exsurgit
888 2606 978 2662 aratro,

411 2673 462 2723 llee
477 2674 573 2740 frugem
588 2676 683 2738 segetes
697 2673 809 2736 prebent
827 2686 873 2722 nee
891 2674 981 2736 pabula
997 2677 1070 2724 terrm
1091 2689 1097 2724 ε

412 2745 464 2795 lion
477 2744 527 2795 illie
541 2744 600 2795 eolit
617 2747 757 2804 arradens,
771 2745 911 2794 Baeelrusve
924 2745 1047 2805 Ceresue„

411 2816 483 2866 Nulla
501 2830 548 2866 nee
566 2820 665 2867 exustus
679 2816 790 2865 hubitant
806 2816 921 2866 animalia
940 2821 1031 2880 partes.

414 2888 508 2938 Fertilis
522 2889 587 2937 haue
600 2887 665 2937 inter
679 2888 756 2950 positu
767 2891 805 2936 est
818 2888 932 2951 interque
948 2888 1055 2953 rigentes

412 2960 546 3022 Nostraque
559 2962 585 3009 et
599 2959 655 3008 huie
671 2961 775 3009 adversa
790 2959 842 3008 selo
851 2973 909 3022 pars
923 2961 999 3010 ultera
1018 2964 1112 3019 nostre.

412 3032 479 3090 Quas
494 3031 587 3080 similes
601 3030 715 3091 utrinque
727 3034 815 3080 tenens
823 3030 910 3080 ricinis
920 3031 975 3080 eaeli

413 3103 548 3164 Temperet,
563 3103 661 3151 alteret
674 3101 777 3150 alterius
787 3101 850 3150 uires
866 3107 937 3151 necat
948 3116 991 3151 aer
1005 3116 1012 3152 :

411 3173 473 3223 ltine
484 3169 594 3235 placidus
607 3172 678 3221 nobis
693 3186 737 3233 per
751 3177 863 3234 tempera
874 3173 976 3223 uertitur
987 3188 1036 3224 auu

413 3245 459 3295 llie
471 3249 496 3295 et
507 3245 570 3294 cella
580 3240 641 3312 juge
657 3241 742 3293 didicit
753 3243 899 3294 submittere
915 3248 1001 3293 tuurus

413 3317 442 3365 Et
453 3317 520 3366 lenta
535 3317 647 3365 excelsus
665 3314 719 3363 vitis
731 3315 900 3366 eonseeudere
913 3329 1005 3379 rames,

413 3389 585 3450 Tondeturque
595 3399 667 3452 seges
681 3390 790 3436 maturos
799 3399 882 3434 annua
890 3392 985 3450 partus,

412 3459 441 3508 Et
450 3459 513 3509 terre
527 3460 610 3522 tellus,
625 3461 715 3521 pontus
729 3456 879 3508 confinditur
892 3472 954 3515 aers,

413 3530 562 3592 Quinetiam
578 3529 676 3580 structis
689 3533 825 3595 exsurgunt
839 3529 926 3593 oppida
940 3529 1026 3581 muris.

325 3686 436 3746 183187
454 3705 461 3743 r

408 3819 467 3868 Nam
480 3800 547 3883 mihi,
561 3833 618 3871 eum
629 3819 782 3887 magnis.....
796 3818 867 3887 (ete,
876 3819 926 3870 uid.
937 3833 1020 3885 supra,
1031 3833 1055 3883 p.
1070 3815 1156 3886 9-10.)

264 3957 292 4013 ⁶2.
314 3957 396 4015 Plura
407 3959 597 4034 exemplavid.
614 3961 649 4018 nb
662 3959 795 4017 Hankelie
811 3959 935 4030 collecta,
949 3960 976 4016 in
991 3962 1033 4018 De
1048 3975 1190 4033 paneeyr.
1214 3959 1246 4016 in
1337 3940 1339 3943 ⁵

227 4049 313 4108 Mens.
326 4048 435 4118 tibull,
448 4066 475 4122 p.
491 4049 584 4106 28-29.
879 4052 883 4057 '
