3117 5042
779 595 953 666 „52-

305 825 308 834 .
356 768 463 866 poetis
491 767 656 867 juvenem
694 767 879 864 designari.
919 769 1041 844 Nostra
1077 767 1248 843 sententie
1281 767 1373 842 illud·

356 903 519 1001 temporis
537 903 754 995 intervallum
780 926 850 979 non
876 912 947 978 tam
968 925 1134 1000 magnum
1154 910 1207 978 est
1227 911 1266 978 ut
1282 903 1367 976 assi-

355 1038 578 1113 mulationem
616 1060 833 1136 respuamus.
869 1038 1096 1135 Suspicamur
1124 1038 1218 1113 cuim
1245 1037 1363 1113 Cerin-

230 1255 233 1262 ,
355 1171 468 1264 thum,
494 1172 586 1248 circe
598 1172 682 1262 715,
700 1172 830 1248 scilicet
843 1172 1089 1270 septemdecim
1107 1195 1216 1247 annos
1230 1172 1365 1247 circiter

354 1317 489 1398 nutum,
508 1308 543 1382 in
566 1307 748 1385 cultiorum
763 1307 943 1382 lmmiuum
959 1308 1157 1383 societatem
1177 1305 1364 1382 admissum

354 1465 440 1532 esse,
465 1450 511 1533 et,
542 1441 636 1519 brevi
668 1450 824 1540 tempure
854 1442 943 1518 inter
969 1441 1197 1540 lepidissimus
1219 1441 1363 1540 juvenes

355 1586 635 1669 annumeratum,
659 1577 807 1652 similem
825 1576 957 1652 factum
975 1600 1049 1653 esse
1068 1576 1204 1674 Lycide
1220 1576 1283 1662 illi,

635 1793 695 1857 quo
710 1773 787 1837 celet
796 1776 937 1856 juventus

473 1874 557 1937 Nunc
574 1873 682 1952 omnis,
697 1881 727 1936 ct
740 1892 808 1937 mor
822 1873 953 1954 virgines
968 1874 1110 1957 tepebunt
1121 1874 1143 1935 ¹.

352 2083 433 2156 Post
458 2081 563 2179 igitur
586 2082 711 2157 multos
733 2083 920 2158 amatorius
941 2082 1147 2180 triumphus,
1176 2081 1268 2156 circa
1293 2079 1361 2155 tri·

351 2217 520 2294 cesimum
543 2217 653 2291 uelutis
677 2240 823 2310 annum,
849 2218 938 2293 iuter
957 2216 1228 2316 elegantissimos
1248 2215 1360 2290 adhuc

350 2350 506 2443 florebat,
539 2375 580 2426 eu
611 2352 721 2450 magis
757 2352 925 2426 matronis
955 2361 989 2427 et
1018 2352 1142 2449 puellis
1172 2351 1357 2449 appetitus,

351 2493 398 2580 et,
421 2493 457 2560 ut
479 2486 525 2560 ile
545 2486 671 2572 dicem,
695 2487 729 2560 in
751 2487 875 2584 pretio,
902 2486 995 2585 quod
1016 2487 1091 2585 ejus
1113 2486 1264 2563 victoriae
1283 2509 1360 2560 ma-

349 2620 401 2716 gis
420 2629 510 2696 notee
533 2630 567 2696 et
590 2621 793 2719 multiplices
812 2619 961 2698 luerent.
982 2623 1080 2696 Tunc
1097 2622 1220 2720 igitur,
1241 2645 1263 2696 a
1284 2621 1359 2696 Sul-

348 2755 437 2853 picia
461 2756 654 2848 adamatus,
678 2764 753 2854 pest
774 2755 937 2831 furtivam
958 2779 1036 2831 cum
1063 2757 1176 2853 puella
1201 2777 1356 2830 cousue-

348 2890 519 2982 tudinem,
542 2891 643 2990 juslis
668 2899 702 2966 et
728 2891 924 2965 lautissimis
951 2891 1080 2989 nuptiis
1105 2890 1247 2967 tandem
1272 2890 1357 2965 actis

350 3023 455 3100 linem
479 3024 648 3101 aniutcriu
672 3024 750 3100 vitm
768 3027 941 3101 curriculo
959 3025 1136 3123 imposuit.

395 3160 578 3236 Cerinthus
595 3150 749 3259 ‘denique
775 3159 937 3257 Sulpiciae
965 3160 1078 3257 impar
1101 3182 1228 3258 genere
1248 3168 1359 3235 est-et

348 3294 441 3384 locu;
475 3295 555 3370 inde
586 3294 835 3394 impedimenta
867 3302 902 3370 et
935 3294 1031 3370 nudi.
1065 3296 1228 3369 Parentes
1262 3293 1354 3368 euim

348 3429 468 3526 puellae
482 3430 588 3512 oculis
606 3452 677 3504 non
693 3429 801 3528 eequis
817 3452 972 3510 amorem
990 3428 1118 3522 vident,
1141 3451 1220 3502 nam
1235 3425 1355 3525 juveni

348 3564 464 3638 scribit
483 3564 635 3662 Sulpicia
656 3587 665 3638 :

467 3741 594 3805 Solliciti
607 3749 675 3804 sunt
687 3760 740 3822 pm
753 3740 850 3820 nohis,
863 3741 972 3824 quibus
986 3740 1036 3803 illa
1048 3740 1171 3818 doloris,

506 3840 549 3902 Ne
562 3840 665 3902 cedem
681 3840 791 3920 ignoto,
805 3840 933 3903 maxima
947 3859 1046 3919 causa,
1063 3847 1127 3902 toro
1137 3840 1159 3900 ².

383 4084 408 4138 l.
431 4082 508 4154 Huc,
520 4084 628 4151 Germ„
642 4082 698 4152 1‚t‚
714 4081 804 4138 itt-uc.

380 4172 406 4228 2.
428 4171 524 4242 lV‚l0‚
539 4171 600 4228 5-6.
