3117 5042
428 841 514 929 Quae
528 861 611 916 vero
625 838 728 914 luerit
747 836 806 912 illa
820 835 972 934 Sulpicia
991 811 1393 934 exquiramus'llrouclx-

379 964 522 1064 huysius
546 964 705 1040 eamdem
734 985 808 1039 esso
839 969 936 1060 putat
964 983 1070 1060 quam
1100 968 1270 1036 memorat
1299 960 1393 1034 llar-

381 1098 470 1172 tialis
492 1123 499 1171 :

581 1391 692 1455 Omnes
709 1390 871 1474 Sulpiciam
887 1391 986 1471 legant
999 1390 1106 1473 puellae
1176 1458 1179 1464 ,

581 1488 638 1554 Uni
654 1509 719 1572 quae
734 1489 859 1573 cupiunt
871 1492 936 1553 viro
951 1490 1078 1572 placere.

582 1585 708 1651 Omnem
724 1588 890 1671 Sulpiciam
903 1587 1004 1668 legant
1018 1585 1131 1663 mariti,

581 1685 639 1751 Uni
655 1687 704 1769 qui
721 1686 846 1769 cupiunt
859 1686 978 1769 placere
990 1691 1100 1768 nuptae.

582 1883 671 1962 Cujus
688 1884 820 1946 carmina
832 1883 884 1966 qui
898 1882 975 1945 bene
986 1881 1152 1960 aestimarit,

580 1980 698 2043 Nullam
711 1980 821 2044 dixerit
836 1999 901 2044 esse
916 1981 1103 2063 nequiorem,

581 2079 699 2142 Nullam
716 2079 824 2142 dixerit
839 2098 904 2142 esse
919 2079 1099 2142 sanctiorem
1110 2079 1132 2140 ¹.

430 2378 479 2454 De
507 2401 577 2476 qua
603 2375 773 2454 Ausonius
795 2398 924 2477 magna
958 2399 1039 2452 cum
1074 2375 1233 2453 libertate
1259 2375 1394 2454 dloobat

389 2511 556 2611 «prurire
573 2512 776 2609 opusculum
794 2511 970 2608 Sulpiciae,
988 2510 1137 2587 frontem
1150 2510 1352 2609 caperarel.
1370 2540 1386 2578 »

381 2646 542 2720 Carmina
555 2668 636 2721 voro
655 2646 712 2720 illa
728 2645 847 2721 Caleni
867 2645 981 2720 mariti
1004 2668 1131 2721 nomeu
1147 2644 1390 2743 praelerebant,

383 2801 465 2853 nam
490 2787 661 2854 memorat
685 2779 848 2855 Sidonius
871 2778 1075 2878 Apollinaris
1109 2809 1127 2848 «
1154 2780 1249 2879 quod
1274 2779 1392 2878 Sulpi-

383 2913 446 2987 oiae
479 2913 580 3012 jocus
613 2914 743 2989 Thaliae
780 2915 916 3013 scripsit
945 2914 1207 3013 blandiloquum
1240 2935 1301 2990 suo
1326 2915 1393 2994 Cu-

381 3045 496 3122 leno³.
525 3078 541 3114 u
580 3050 738 3138 Quorum
768 3049 895 3125 senarii
926 3049 995 3124 duo
1029 3072 1146 3125 versus
1180 3056 1327 3139 exstant,
1358 3056 1392 3123 et

382 3182 626 3280 procacissimi,
652 3183 788 3258 aValla
818 3183 951 3260 collecti
964 3182 990 3258 ⁴.

430 3318 590 3416 Sulpiciae
614 3320 805 3417 praesertim
831 3342 957 3395 nomeu
988 3317 1106 3396 lerunt
1129 3327 1164 3397 ct
1193 3319 1305 3396 eidem
1332 3319 1392 3395 tri-

382 3451 539 3528 buuntur
556 3454 772 3554 septuaginta
791 3478 910 3530 vorsus
934 3453 1141 3546 hexametri,
1161 3454 1287 3553 quibus
1310 3455 1393 3528 Sul-

376 3589 479 3683 plca‘oe
510 3589 616 3662 satiro
645 3588 765 3663 titulus
796 3598 859 3665 est.
887 3589 925 3663 lu
944 3588 998 3663 his
1029 3589 1138 3665 multo
1164 3612 1246 3665 cum
1269 3589 1393 3666 robore

420 3919 444 3973 l.
466 3914 498 3984 X,
511 3917 555 3986 35,
574 3917 598 3987 l,
611 3935 684 3992 sqq.;
695 3918 730 3975 ci.
744 3919 794 3989 id.,
804 3919 849 3990 38,
864 3921 889 3989 I,
904 3937 964 3994 sqq.

419 4005 445 4061 I.
467 4006 538 4074 XIII,
555 4007 736 4080 Geatoaupt

418 4095 444 4151 3.
468 4097 575 4164 dorm„
588 4096 633 4165 III,
646 4096 708 4166 262,
724 4115 784 4172 sqq.

418 4185 444 4239 I.
467 4184 557 4241 Sclrol.
575 4184 724 4257 inderem,
737 4187 780 4254 Vl,
795 4186 859 4246 537.
