<?xml version="1.0" encoding="UTF-8"?>
<!DOCTYPE html PUBLIC "-//W3C//DTD XHTML 1.0 Transitional//EN"
    "http://www.w3.org/TR/xhtml1/DTD/xhtml1-transitional.dtd">
<html xmlns="http://www.w3.org/1999/xhtml" xml:lang="en" lang="en">
 <head>
  <title>
</title>
<meta http-equiv="Content-Type" content="text/html;charset=utf-8" />
  <meta name='ocr-system' content='tesseract 3.04.00' />
  <meta name='ocr-capabilities' content='ocr_page ocr_carea ocr_par ocr_line ocrx_word'/>
</head>
<body>
  <div class='ocr_page' id='page_1' title='image "./dequartotibulli00unkngoog_0021.png"; bbox 0 0 3117 5042; ppageno 0'>
   <div class='ocr_carea' id='block_1_1' title="bbox 619 580 776 650">
    <p class='ocr_par' dir='ltr' id='par_1_1' title="bbox 619 580 776 650">
     <span class='ocr_line' id='line_1_1' title="bbox 619 580 776 650; baseline 0.006 -22"><span class='ocrx_word' id='word_1_1' title='bbox 619 580 776 650; x_wconf 69' lang='lat' dir='ltr'><strong>...p-</strong></span> 
     </span>
    </p>
   </div>
   <div class='ocr_carea' id='block_1_2' title="bbox 174 749 1214 2470">
    <p class='ocr_par' dir='ltr' id='par_1_2' title="bbox 191 749 1204 960">
     <span class='ocr_line' id='line_1_2' title="bbox 191 749 1204 848; baseline 0.003 -24"><span class='ocrx_word' id='word_1_2' title='bbox 191 751 262 824; x_wconf 85' lang='grc'><strong>700</strong></span> <span class='ocrx_word' id='word_1_3' title='bbox 275 749 452 848; x_wconf 86' lang='lat' dir='ltr'><strong>proferunt</strong></span> <span class='ocrx_word' id='word_1_4' title='bbox 471 771 661 848; x_wconf 87' lang='lat' dir='ltr'><strong>eorumque</strong></span> <span class='ocrx_word' id='word_1_5' title='bbox 673 751 842 826; x_wconf 89' lang='lat' dir='ltr'><strong>sententia</strong></span> <span class='ocrx_word' id='word_1_6' title='bbox 857 749 1006 825; x_wconf 83' lang='lat' dir='ltr'><strong>maxime</strong></span> <span class='ocrx_word' id='word_1_7' title='bbox 1022 750 1204 847; x_wconf 88' lang='lat' dir='ltr'><strong>probanda</strong></span> 
     </span>
     <span class='ocr_line' id='line_1_3' title="bbox 191 885 359 960; baseline -0.018 0"><span class='ocrx_word' id='word_1_8' title='bbox 191 885 359 960; x_wconf 85' lang='lat' dir='ltr'><strong>videtur¹.</strong></span> 
     </span>
    </p>

    <p class='ocr_par' dir='ltr' id='par_1_3' title="bbox 174 1017 1214 2470">
     <span class='ocr_line' id='line_1_4' title="bbox 237 1017 1206 1119; baseline -0.001 -25"><span class='ocrx_word' id='word_1_9' title='bbox 237 1019 336 1108; x_wconf 82' lang='lat' dir='ltr'><strong>Quod</strong></span> <span class='ocrx_word' id='word_1_10' title='bbox 352 1041 433 1094; x_wconf 91' lang='lat' dir='ltr'><strong>vero</strong></span> <span class='ocrx_word' id='word_1_11' title='bbox 445 1017 489 1092; x_wconf 88' lang='lat' dir='ltr'><strong>ad</strong></span> <span class='ocrx_word' id='word_1_12' title='bbox 501 1019 606 1093; x_wconf 87' lang='lat' dir='ltr'><strong>uitam</strong></span> <span class='ocrx_word' id='word_1_13' title='bbox 620 1028 730 1118; x_wconf 78' lang='lat' dir='ltr'><strong>poeta</strong></span> <span class='ocrx_word' id='word_1_14' title='bbox 744 1020 877 1111; x_wconf 87' lang='lat' dir='ltr'><strong>attinet,</strong></span> <span class='ocrx_word' id='word_1_15' title='bbox 889 1019 1091 1119; x_wconf 80' lang='lat' dir='ltr'><strong>paucissima</strong></span> <span class='ocrx_word' id='word_1_16' title='bbox 1107 1019 1206 1094; x_wconf 90' lang='lat' dir='ltr'><strong>nobis</strong></span> 
     </span>
     <span class='ocr_line' id='line_1_5' title="bbox 189 1152 1203 1253; baseline 0.001 -27"><span class='ocrx_word' id='word_1_17' title='bbox 189 1152 316 1227; x_wconf 88' lang='lat' dir='ltr'><strong>indioio</strong></span> <span class='ocrx_word' id='word_1_18' title='bbox 345 1152 471 1227; x_wconf 85' lang='lat' dir='ltr'><strong>tradita</strong></span> <span class='ocrx_word' id='word_1_19' title='bbox 496 1161 589 1228; x_wconf 88' lang='lat' dir='ltr'><strong>sunt.</strong></span> <span class='ocrx_word' id='word_1_20' title='bbox 621 1155 716 1229; x_wconf 80' lang='lat' dir='ltr'><strong>Vitas</strong></span> <span class='ocrx_word' id='word_1_21' title='bbox 737 1153 825 1229; x_wconf 89' lang='lat' dir='ltr'><strong>duas</strong></span> <span class='ocrx_word' id='word_1_22' title='bbox 847 1154 1029 1242; x_wconf 87' lang='lat' dir='ltr'><strong>habemus,</strong></span> <span class='ocrx_word' id='word_1_23' title='bbox 1055 1176 1203 1253; x_wconf 89' lang='lat' dir='ltr'><strong>quarum</strong></span> 
     </span>
     <span class='ocr_line' id='line_1_6' title="bbox 190 1285 1203 1386; baseline -0.001 -25"><span class='ocrx_word' id='word_1_24' title='bbox 190 1287 296 1361; x_wconf 85' lang='lat' dir='ltr'><strong>altera</strong></span> <span class='ocrx_word' id='word_1_25' title='bbox 325 1285 430 1386; x_wconf 83' lang='lat' dir='ltr'><strong>ignoti</strong></span> <span class='ocrx_word' id='word_1_26' title='bbox 465 1287 626 1380; x_wconf 79' lang='lat' dir='ltr'><strong>aristonis,</strong></span> <span class='ocrx_word' id='word_1_27' title='bbox 652 1290 760 1365; x_wconf 87' lang='lat' dir='ltr'><strong>altera</strong></span> <span class='ocrx_word' id='word_1_28' title='bbox 789 1287 989 1386; x_wconf 77' lang='lat' dir='ltr'><strong>Hieronymi</strong></span> <span class='ocrx_word' id='word_1_29' title='bbox 1020 1287 1203 1386; x_wconf 84' lang='lat' dir='ltr'><strong>eujusdam</strong></span> 
     </span>
     <span class='ocr_line' id='line_1_7' title="bbox 189 1426 1214 1527; baseline 0.002 -28"><span class='ocrx_word' id='word_1_30' title='bbox 189 1448 290 1522; x_wconf 90' lang='lat' dir='ltr'><strong>quem</strong></span> <span class='ocrx_word' id='word_1_31' title='bbox 330 1427 495 1501; x_wconf 81' lang='lat' dir='ltr'><strong>Sanctum</strong></span> <span class='ocrx_word' id='word_1_32' title='bbox 528 1427 777 1527; x_wconf 74' lang='lat' dir='ltr'><strong>Hieronymum</strong></span> <span class='ocrx_word' id='word_1_33' title='bbox 810 1450 882 1503; x_wconf 90' lang='lat' dir='ltr'><strong>essa</strong></span> <span class='ocrx_word' id='word_1_34' title='bbox 913 1427 1110 1518; x_wconf 89' lang='lat' dir='ltr'><strong>voluerunt,</strong></span> <span class='ocrx_word' id='word_1_35' title='bbox 1146 1426 1214 1501; x_wconf 82' lang='lat' dir='ltr'><strong>sed</strong></span> 
     </span>
     <span class='ocr_line' id='line_1_8' title="bbox 190 1558 1206 1646; baseline 0.002 -14"><span class='ocrx_word' id='word_1_36' title='bbox 190 1559 282 1634; x_wconf 88' lang='lat' dir='ltr'><strong>nulla</strong></span> <span class='ocrx_word' id='word_1_37' title='bbox 306 1558 374 1636; x_wconf 89' lang='lat' dir='ltr'><strong>fide</strong></span> <span class='ocrx_word' id='word_1_38' title='bbox 403 1560 518 1646; x_wconf 85' lang='lat' dir='ltr'><strong>allata.</strong></span> <span class='ocrx_word' id='word_1_39' title='bbox 542 1561 641 1636; x_wconf 80' lang='lat' dir='ltr'><strong>Prior</strong></span> <span class='ocrx_word' id='word_1_40' title='bbox 667 1562 714 1636; x_wconf 86' lang='lat' dir='ltr'><strong>ila</strong></span> <span class='ocrx_word' id='word_1_41' title='bbox 737 1585 800 1636; x_wconf 90' lang='lat' dir='ltr'><strong>nos</strong></span> <span class='ocrx_word' id='word_1_42' title='bbox 818 1561 938 1638; x_wconf 82' lang='lat' dir='ltr'><strong>docet:</strong></span> <span class='ocrx_word' id='word_1_43' title='bbox 966 1593 981 1628; x_wconf 78' lang='lat' dir='ltr'><strong>u</strong></span> <span class='ocrx_word' id='word_1_44' title='bbox 1010 1562 1099 1636; x_wconf 76' lang='lat' dir='ltr'><strong>Ante</strong></span> <span class='ocrx_word' id='word_1_45' title='bbox 1122 1561 1206 1636; x_wconf 90' lang='lat' dir='ltr'><strong>alios</strong></span> 
     </span>
     <span class='ocr_line' id='line_1_9' title="bbox 174 1698 1211 1800; baseline -0.001 -27"><span class='ocrx_word' id='word_1_46' title='bbox 174 1698 375 1773; x_wconf 82' lang='lat' dir='ltr'><strong>&#39;Corvinum</strong></span> <span class='ocrx_word' id='word_1_47' title='bbox 387 1700 566 1776; x_wconf 81' lang='lat' dir='ltr'><strong>Messalam</strong></span> <span class='ocrx_word' id='word_1_48' title='bbox 592 1704 763 1777; x_wconf 85' lang='lat' dir='ltr'><strong>oratorem</strong></span> <span class='ocrx_word' id='word_1_49' title='bbox 788 1701 919 1792; x_wconf 84' lang='lat' dir='ltr'><strong>dilexit,</strong></span> <span class='ocrx_word' id='word_1_50' title='bbox 943 1700 1043 1800; x_wconf 85' lang='lat' dir='ltr'><strong>cujus</strong></span> <span class='ocrx_word' id='word_1_51' title='bbox 1067 1709 1101 1775; x_wconf 85' lang='lat' dir='ltr'><strong>et</strong></span> <span class='ocrx_word' id='word_1_52' title='bbox 1123 1721 1211 1775; x_wconf 77' lang='lat' dir='ltr'><strong>oon-</strong></span> 
     </span>
     <span class='ocr_line' id='line_1_10' title="bbox 189 1833 1202 1933; baseline -0.003 -23"><span class='ocrx_word' id='word_1_53' title='bbox 189 1833 378 1910; x_wconf 84' lang='lat' dir='ltr'><strong>tubernelis</strong></span> <span class='ocrx_word' id='word_1_54' title='bbox 391 1835 586 1932; x_wconf 81' lang='lat' dir='ltr'><strong>aquitanico</strong></span> <span class='ocrx_word' id='word_1_55' title='bbox 601 1834 690 1918; x_wconf 84' lang='lat' dir='ltr'><strong>bello</strong></span> <span class='ocrx_word' id='word_1_56' title='bbox 713 1835 878 1931; x_wconf 72' lang='lat' dir='ltr'><strong>(trans,</strong></span> <span class='ocrx_word' id='word_1_57' title='bbox 896 1834 965 1933; x_wconf 80' lang='lat' dir='ltr'><strong>sq.)</strong></span> <span class='ocrx_word' id='word_1_58' title='bbox 997 1833 1202 1908; x_wconf 91' lang='lat' dir='ltr'><strong>militaribus</strong></span> 
     </span>
     <span class='ocr_line' id='line_1_11' title="bbox 188 1969 1204 2068; baseline -0.001 -24"><span class='ocrx_word' id='word_1_59' title='bbox 188 1970 285 2044; x_wconf 91' lang='lat' dir='ltr'><strong>donis</strong></span> <span class='ocrx_word' id='word_1_60' title='bbox 310 1970 456 2043; x_wconf 84' lang='lat' dir='ltr'><strong>donatus</strong></span> <span class='ocrx_word' id='word_1_61' title='bbox 472 1978 535 2045; x_wconf 86' lang='lat' dir='ltr'><strong>est.</strong></span> <span class='ocrx_word' id='word_1_62' title='bbox 560 1999 577 2041; x_wconf 75' lang='lat' dir='ltr'><strong>u</strong></span> <span class='ocrx_word' id='word_1_63' title='bbox 595 1973 783 2068; x_wconf 84' lang='lat' dir='ltr'><strong>Nunquam</strong></span> <span class='ocrx_word' id='word_1_64' title='bbox 795 1980 899 2068; x_wconf 88' lang='lat' dir='ltr'><strong>poeta</strong></span> <span class='ocrx_word' id='word_1_65' title='bbox 912 1980 972 2044; x_wconf 89' lang='lat' dir='ltr'><strong>aut</strong></span> <span class='ocrx_word' id='word_1_66' title='bbox 983 1969 1128 2066; x_wconf 79' lang='lat' dir='ltr'><strong>Augusti</strong></span> <span class='ocrx_word' id='word_1_67' title='bbox 1144 1978 1204 2043; x_wconf 92' lang='lat' dir='ltr'><strong>aut</strong></span> 
     </span>
     <span class='ocr_line' id='line_1_12' title="bbox 187 2104 1203 2202; baseline -0.002 -24"><span class='ocrx_word' id='word_1_68' title='bbox 187 2105 381 2180; x_wconf 80' lang='lat' dir='ltr'><strong>Maeoenatis</strong></span> <span class='ocrx_word' id='word_1_69' title='bbox 394 2105 608 2180; x_wconf 89' lang='lat' dir='ltr'><strong>mentionem</strong></span> <span class='ocrx_word' id='word_1_70' title='bbox 626 2104 722 2201; x_wconf 9' lang='lat' dir='ltr'><strong>placit.</strong></span> <span class='ocrx_word' id='word_1_71' title='bbox 742 2107 887 2180; x_wconf 86' lang='lat' dir='ltr'><strong>Ineunte</strong></span> <span class='ocrx_word' id='word_1_72' title='bbox 906 2106 988 2193; x_wconf 89' lang='lat' dir='ltr'><strong>vita,</strong></span> <span class='ocrx_word' id='word_1_73' title='bbox 1007 2104 1203 2202; x_wconf 80' lang='lat' dir='ltr'><strong>patrimonii</strong></span> 
     </span>
     <span class='ocr_line' id='line_1_13' title="bbox 188 2236 1203 2335; baseline -0.002 -23"><span class='ocrx_word' id='word_1_74' title='bbox 188 2237 391 2335; x_wconf 87' lang='lat' dir='ltr'><strong>quibusdam</strong></span> <span class='ocrx_word' id='word_1_75' title='bbox 408 2237 625 2314; x_wconf 86' lang='lat' dir='ltr'><strong>facultatibus</strong></span> <span class='ocrx_word' id='word_1_76' title='bbox 649 2263 728 2313; x_wconf 92' lang='lat' dir='ltr'><strong>usus</strong></span> <span class='ocrx_word' id='word_1_77' title='bbox 746 2260 820 2314; x_wconf 88' lang='lat' dir='ltr'><strong>esse</strong></span> <span class='ocrx_word' id='word_1_78' title='bbox 839 2239 987 2329; x_wconf 86' lang='lat' dir='ltr'><strong>videtur,</strong></span> <span class='ocrx_word' id='word_1_79' title='bbox 1010 2238 1054 2313; x_wconf 89' lang='lat' dir='ltr'><strong>do</strong></span> <span class='ocrx_word' id='word_1_80' title='bbox 1077 2236 1203 2335; x_wconf 89' lang='lat' dir='ltr'><strong>quibus</strong></span> 
     </span>
     <span class='ocr_line' id='line_1_14' title="bbox 188 2373 469 2470; baseline 0.011 -26"><span class='ocrx_word' id='word_1_81' title='bbox 188 2373 258 2470; x_wconf 89' lang='lat' dir='ltr'><strong>ipse</strong></span> <span class='ocrx_word' id='word_1_82' title='bbox 279 2373 390 2448; x_wconf 84' lang='lat' dir='ltr'><strong>dicit:</strong></span> <span class='ocrx_word' id='word_1_83' title='bbox 467 2411 469 2418; x_wconf 95' lang='lat'>·</span> 
     </span>
    </p>
   </div>
   <div class='ocr_carea' id='block_1_3' title="bbox 266 2632 999 2812">
    <p class='ocr_par' dir='ltr' id='par_1_4' title="bbox 266 2632 999 2812">
     <span class='ocr_line' id='line_1_15' title="bbox 266 2632 999 2716; baseline -0.001 -20"><span class='ocrx_word' id='word_1_84' title='bbox 266 2634 331 2696; x_wconf 91' lang='lat' dir='ltr'><strong>Non</strong></span> <span class='ocrx_word' id='word_1_85' title='bbox 343 2653 397 2713; x_wconf 80' lang='lat' dir='ltr'><strong>ego</strong></span> <span class='ocrx_word' id='word_1_86' title='bbox 410 2632 527 2696; x_wconf 91' lang='lat' dir='ltr'><strong>divitias</strong></span> <span class='ocrx_word' id='word_1_87' title='bbox 542 2641 659 2716; x_wconf 90' lang='lat' dir='ltr'><strong>patrum</strong></span> <span class='ocrx_word' id='word_1_88' title='bbox 671 2634 847 2716; x_wconf 81' lang='lat' dir='ltr'><strong>fructusque</strong></span> <span class='ocrx_word' id='word_1_89' title='bbox 866 2635 999 2716; x_wconf 82' lang='lat' dir='ltr'><strong>requiro,</strong></span> 
     </span>
     <span class='ocr_line' id='line_1_16' title="bbox 308 2731 958 2812; baseline 0.003 -20"><span class='ocrx_word' id='word_1_90' title='bbox 308 2731 386 2805; x_wconf 85' lang='lat' dir='ltr'><strong>Quos</strong></span> <span class='ocrx_word' id='word_1_91' title='bbox 400 2731 466 2792; x_wconf 92' lang='lat' dir='ltr'><strong>tulit</strong></span> <span class='ocrx_word' id='word_1_92' title='bbox 482 2731 603 2812; x_wconf 84' lang='lat' dir='ltr'><strong>antiqua</strong></span> <span class='ocrx_word' id='word_1_93' title='bbox 618 2732 737 2797; x_wconf 85' lang='lat' dir='ltr'><strong>condita</strong></span> <span class='ocrx_word' id='word_1_94' title='bbox 753 2731 860 2794; x_wconf 89' lang='lat' dir='ltr'><strong>messis</strong></span> <span class='ocrx_word' id='word_1_95' title='bbox 873 2734 958 2794; x_wconf 81' lang='lat' dir='ltr'><strong>uvo².</strong></span> 
     </span>
    </p>
   </div>
   <div class='ocr_carea' id='block_1_4' title="bbox 189 2915 1198 3164">
    <p class='ocr_par' dir='ltr' id='par_1_5' title="bbox 189 2915 1198 3164">
     <span class='ocr_line' id='line_1_17' title="bbox 237 2915 1198 3056; baseline 0 -28"><span class='ocrx_word' id='word_1_96' title='bbox 237 2957 290 3046; x_wconf 83' lang='lat' dir='ltr'><strong>nt,</strong></span> <span class='ocrx_word' id='word_1_97' title='bbox 322 2955 348 3028; x_wconf 91' lang='lat' dir='ltr'><strong>si</strong></span> <span class='ocrx_word' id='word_1_98' title='bbox 385 2915 534 3030; x_wconf 81' lang='lat' dir='ltr'><strong>Messalae</strong></span> <span class='ocrx_word' id='word_1_99' title='bbox 572 2957 798 3056; x_wconf 75' lang='lat' dir='ltr'><strong>panegyricus</strong></span> <span class='ocrx_word' id='word_1_100' title='bbox 832 2957 1027 3044; x_wconf 74' lang='lat' dir='ltr'><strong>eidem-ut</strong></span> <span class='ocrx_word' id='word_1_101' title='bbox 1053 2957 1198 3054; x_wconf 85' lang='lat' dir='ltr'><strong>opinor,</strong></span> 
     </span>
     <span class='ocr_line' id='line_1_18' title="bbox 189 3081 479 3164; baseline -0.017 -1"><span class='ocrx_word' id='word_1_102' title='bbox 189 3081 391 3164; x_wconf 87' lang='lat' dir='ltr'><strong>tribuendus</strong></span> <span class='ocrx_word' id='word_1_103' title='bbox 405 3096 454 3164; x_wconf 90' lang='lat' dir='ltr'><strong>est</strong></span> <span class='ocrx_word' id='word_1_104' title='bbox 472 3117 479 3158; x_wconf 93' lang='lat'><strong>:</strong></span> 
     </span>
    </p>
   </div>
   <div class='ocr_carea' id='block_1_5' title="bbox 265 3277 1098 3481">
    <p class='ocr_par' dir='ltr' id='par_1_6' title="bbox 265 3277 1098 3481">
     <span class='ocr_line' id='line_1_19' title="bbox 265 3277 1098 3393; baseline -0.002 -18"><span class='ocrx_word' id='word_1_105' title='bbox 265 3312 337 3375; x_wconf 89' lang='lat' dir='ltr'><strong>Nam</strong></span> <span class='ocrx_word' id='word_1_106' title='bbox 354 3311 438 3392; x_wconf 81' lang='lat' dir='ltr'><strong>mihi,</strong></span> <span class='ocrx_word' id='word_1_107' title='bbox 454 3330 521 3375; x_wconf 86' lang='lat' dir='ltr'><strong>uum</strong></span> <span class='ocrx_word' id='word_1_108' title='bbox 537 3278 650 3392; x_wconf 78' lang='lat' dir='ltr'><strong>magnis</strong></span> <span class='ocrx_word' id='word_1_109' title='bbox 665 3312 771 3393; x_wconf 91' lang='lat' dir='ltr'><strong>opibus</strong></span> <span class='ocrx_word' id='word_1_110' title='bbox 784 3277 891 3375; x_wconf 85' lang='lat' dir='ltr'><strong>domus</strong></span> <span class='ocrx_word' id='word_1_111' title='bbox 905 3312 964 3374; x_wconf 83' lang='lat' dir='ltr'><strong>alta</strong></span> <span class='ocrx_word' id='word_1_112' title='bbox 980 3279 1098 3389; x_wconf 72' lang='lat' dir='ltr'><strong>niteret,</strong></span> 
     </span>
     <span class='ocr_line' id='line_1_20' title="bbox 266 3409 884 3481; baseline -0.005 -7"><span class='ocrx_word' id='word_1_113' title='bbox 266 3409 319 3474; x_wconf 83' lang='lat' dir='ltr'><strong>Cui</strong></span> <span class='ocrx_word' id='word_1_114' title='bbox 334 3411 450 3480; x_wconf 80' lang='lat' dir='ltr'><strong>fuerant</strong></span> <span class='ocrx_word' id='word_1_115' title='bbox 465 3411 674 3481; x_wconf 84' lang='lat' dir='ltr'><strong>liaviditantes</strong></span> <span class='ocrx_word' id='word_1_116' title='bbox 686 3410 791 3480; x_wconf 84' lang='lat' dir='ltr'><strong>urdine</strong></span> <span class='ocrx_word' id='word_1_117' title='bbox 807 3411 884 3475; x_wconf 84' lang='lat' dir='ltr'><strong>sulci</strong></span> 
     </span>
    </p>
   </div>
   <div class='ocr_carea' id='block_1_6' title="bbox 185 3667 1200 4200">
    <p class='ocr_par' dir='ltr' id='par_1_7' title="bbox 185 3667 1200 4200">
     <span class='ocr_line' id='line_1_21' title="bbox 223 3667 1199 3763; baseline 0.005 -22"><span class='ocrx_word' id='word_1_118' title='bbox 223 3687 248 3741; x_wconf 87' lang='lat' dir='ltr'><strong>l.</strong></span> <span class='ocrx_word' id='word_1_119' title='bbox 270 3685 419 3759; x_wconf 76' lang='lat' dir='ltr'><strong>Disputatio</strong></span> <span class='ocrx_word' id='word_1_120' title='bbox 434 3667 468 3744; x_wconf 78' lang='lat' dir='ltr'><strong>lle</strong></span> <span class='ocrx_word' id='word_1_121' title='bbox 480 3675 667 3763; x_wconf 54' lang='lat' dir='ltr'><strong>natuli&#39;poetao</strong></span> <span class='ocrx_word' id='word_1_122' title='bbox 682 3689 821 3744; x_wconf 85' lang='lat' dir='ltr'><strong>invenitur</strong></span> <span class='ocrx_word' id='word_1_123' title='bbox 834 3687 862 3744; x_wconf 92' lang='lat' dir='ltr'><strong>in</strong></span> <span class='ocrx_word' id='word_1_124' title='bbox 884 3687 1025 3758; x_wconf 82' lang='lat' dir='ltr'><strong>Haulrelio,</strong></span> <span class='ocrx_word' id='word_1_125' title='bbox 1050 3690 1093 3746; x_wconf 83' lang='lat' dir='ltr'><strong>De</strong></span> <span class='ocrx_word' id='word_1_126' title='bbox 1107 3705 1199 3761; x_wconf 85' lang='lat' dir='ltr'><strong>pane·</strong></span> 
     </span>
     <span class='ocr_line' id='line_1_22' title="bbox 186 3775 1198 3852; baseline 0.001 -21"><span class='ocrx_word' id='word_1_127' title='bbox 186 3775 283 3847; x_wconf 74' lang='lat' dir='ltr'><strong>pystus</strong></span> <span class='ocrx_word' id='word_1_128' title='bbox 297 3777 328 3832; x_wconf 82' lang='lat' dir='ltr'><strong>io</strong></span> <span class='ocrx_word' id='word_1_129' title='bbox 347 3777 496 3836; x_wconf 78' lang='lat' dir='ltr'><strong>Messalam</strong></span> <span class='ocrx_word' id='word_1_130' title='bbox 511 3777 674 3849; x_wconf 67' lang='lat' dir='ltr'><strong>tibernione,</strong></span> <span class='ocrx_word' id='word_1_131' title='bbox 701 3796 729 3852; x_wconf 94' lang='lat' dir='ltr'><strong>p.</strong></span> <span class='ocrx_word' id='word_1_132' title='bbox 748 3777 793 3846; x_wconf 86' lang='lat'><strong>35,</strong></span> <span class='ocrx_word' id='word_1_133' title='bbox 816 3777 862 3852; x_wconf 92' lang='lat' dir='ltr'><strong>qui</strong></span> <span class='ocrx_word' id='word_1_134' title='bbox 886 3777 1001 3852; x_wconf 86' lang='lat' dir='ltr'><strong>Gruppii</strong></span> <span class='ocrx_word' id='word_1_135' title='bbox 1027 3786 1053 3833; x_wconf 89' lang='lat' dir='ltr'><strong>et</strong></span> <span class='ocrx_word' id='word_1_136' title='bbox 1073 3777 1198 3835; x_wconf 84' lang='lat' dir='ltr'><strong>&#39;leullelii</strong></span> 
     </span>
     <span class='ocr_line' id='line_1_23' title="bbox 187 3865 1200 3940; baseline 0.006 -22"><span class='ocrx_word' id='word_1_137' title='bbox 187 3865 346 3920; x_wconf 87' lang='lat' dir='ltr'><strong>sententiam</strong></span> <span class='ocrx_word' id='word_1_138' title='bbox 361 3865 496 3939; x_wconf 88' lang='lat' dir='ltr'><strong>sequitur,</strong></span> <span class='ocrx_word' id='word_1_139' title='bbox 508 3874 535 3922; x_wconf 89' lang='lat' dir='ltr'><strong>et</strong></span> <span class='ocrx_word' id='word_1_140' title='bbox 549 3867 577 3922; x_wconf 94' lang='lat' dir='ltr'><strong>in</strong></span> <span class='ocrx_word' id='word_1_141' title='bbox 590 3866 750 3940; x_wconf 82' lang='lat' dir='ltr'><strong>Hartungio‚</strong></span> <span class='ocrx_word' id='word_1_142' title='bbox 761 3869 804 3924; x_wconf 87' lang='lat' dir='ltr'><strong>De</strong></span> <span class='ocrx_word' id='word_1_143' title='bbox 811 3868 987 3940; x_wconf 76' lang='lat' dir='ltr'><strong>panepyrico</strong></span> <span class='ocrx_word' id='word_1_144' title='bbox 1002 3868 1040 3925; x_wconf 83' lang='lat' dir='ltr'><strong>od</strong></span> <span class='ocrx_word' id='word_1_145' title='bbox 1050 3867 1200 3927; x_wconf 79' lang='lat' dir='ltr'><strong>Messalam</strong></span> 
     </span>
     <span class='ocr_line' id='line_1_24' title="bbox 185 3954 1198 4097; baseline 0.005 -87"><span class='ocrx_word' id='word_1_146' title='bbox 185 3954 466 4097; x_wconf 62' lang='lat' dir='ltr'><strong>pampo-tibulliom‚</strong></span> <span class='ocrx_word' id='word_1_147' title='bbox 485 3973 511 4029; x_wconf 93' lang='lat' dir='ltr'><strong>p.</strong></span> <span class='ocrx_word' id='word_1_148' title='bbox 540 3956 601 4025; x_wconf 78' lang='lat'><strong>1-5,</strong></span> <span class='ocrx_word' id='word_1_149' title='bbox 621 3956 669 4030; x_wconf 91' lang='lat' dir='ltr'><strong>qui</strong></span> <span class='ocrx_word' id='word_1_150' title='bbox 693 3955 782 4014; x_wconf 85' lang='lat' dir='ltr'><strong>llossii</strong></span> <span class='ocrx_word' id='word_1_151' title='bbox 805 3957 1038 4031; x_wconf 84' lang='lat' dir='ltr'><strong>computationem</strong></span> <span class='ocrx_word' id='word_1_152' title='bbox 1061 3956 1198 4033; x_wconf 85' lang='lat' dir='ltr'><strong>potiorem</strong></span> 
     </span>
     <span class='ocr_line' id='line_1_25' title="bbox 206 4058 507 4200; baseline 0.02 -18"><span class='ocrx_word' id='word_1_153' title='bbox 206 4058 291 4199; x_wconf 49' lang='lat' dir='ltr'><strong>affl,</strong></span> <span class='ocrx_word' id='word_1_154' title='bbox 308 4133 397 4200; x_wconf 65' lang='lat' dir='ltr'><strong>nu.</strong></span> <span class='ocrx_word' id='word_1_155' title='bbox 506 4089 507 4094; x_wconf 8' lang='grc' dir='ltr'><strong><em>Ν</em></strong></span> 
     </span>
    </p>
   </div>
   <div class='ocr_carea' id='block_1_7' title="bbox 0 0 1564 5042">
    <p class='ocr_par' dir='ltr' id='par_1_8' title="bbox 0 0 1564 5042">
     <span class='ocr_line' id='line_1_26' title="bbox 0 0 1564 5042; baseline 0 1"><span class='ocrx_word' id='word_1_156' title='bbox 0 0 1564 5042; x_wconf 95' lang='lat' dir='ltr'><strong> </strong></span> 
     </span>
    </p>
   </div>
  </div>
 </body>
</html>
