3117 5042
485 749 710 836 possideatque,
723 752 810 816 metit
822 753 967 837 quidquid
980 753 1058 818 bene
1073 755 1225 821 olentibus
1238 759 1317 828 arrio

524 853 625 918 Cultor
637 853 768 916 odoratae
784 852 866 916 diues
882 852 977 916 Arabs
992 855 1099 934 segetis

484 953 520 1016 Et
535 971 739 1038 quoscumque
754 951 841 1030 niger
855 951 947 1014 rubro
961 953 998 1015 de
1012 952 1111 1017 liltore
1126 973 1258 1034 gemmas

449 1100 451 1106 .
525 1052 682 1116 Proximus
695 1050 765 1114 Eois
779 1049 891 1130 colligit
906 1049 999 1114 Indus
1015 1052 1133 1135 aquis¹.

457 1290 494 1362 ln
511 1287 668 1387 sequenti
683 1285 794 1386 elegia
806 1284 1001 1401 periculum
1015 1286 1205 1384 quoddam,
1222 1311 1343 1366 rerum
1357 1304 1417 1368 ant

406 1423 540 1514 lictum,
568 1445 589 1497 a
612 1421 777 1497 Cerintho
803 1420 837 1494 in
862 1421 1044 1498 venatione
1073 1423 1219 1516 editum,
1243 1433 1346 1522 poeta
1367 1427 1417 1502 in-

404 1557 510 1650 ducit,
538 1559 636 1655 eujus
661 1578 767 1654 opere
793 1578 900 1654 quam
922 1555 1047 1632 ardens
1068 1557 1112 1632 sit
1136 1557 1300 1657 Sulpicia
1318 1583 1417 1636 amor

402 1691 553 1768 ostendit
568 1715 577 1765 τ

411 2001 415 2009 ,
521 1941 544 2006 0
563 1949 686 2024 pereant
698 1940 779 2003 silvae
794 1939 994 2023 deficiantque
1009 1941 1113 2003 canes!

485 2040 558 2114 Quis
572 2040 655 2103 furor
669 2047 725 2118 est,
740 2057 808 2120 quae
821 2056 917 2117 mens,
934 2037 1043 2101 densos
1058 2039 1198 2118 indagine
1213 2040 1307 2104 eolles

520 2137 714 2202 Claudentem
729 2144 847 2200 teneras
860 2136 969 2200 laedere
983 2137 1059 2199 velle
1075 2139 1204 2201 manns‘l
1309 2165 1313 2169 ·

480 2336 540 2401 Sed
555 2345 653 2397 tamen
668 2342 701 2396 ut
719 2342 817 2396 tecum
832 2333 934 2411 liceat,
946 2333 1098 2416 Cerintho,
1115 2335 1227 2414 vagari,

518 2433 586 2516 lpse
599 2451 652 2513 ego
666 2450 720 2514 per
732 2437 848 2493 montes
860 2432 937 2493 retia
951 2437 1031 2493 torta
1045 2432 1149 2510 leram,

388 2528 390 2532 ’
479 2532 548 2615 lpsa
563 2550 618 2611 ego
633 2529 742 2593 velocis
758 2547 889 2612 quaeram
904 2529 1028 2609 vestigia
1043 2529 1122 2592 cerri

518 2631 554 2692 Et
568 2630 686 2692 demam
703 2627 792 2690 celeri
808 2627 905 2690 terrea
917 2626 1015 2689 vincla
1029 2627 1106 2690 cani.

479 2729 563 2792 Tune
578 2727 664 2807 mibi,
679 2735 751 2789 tunc
767 2727 903 2808 placeant
915 2726 1005 2804 silvae,
1016 2726 1052 2805 si,
1063 2726 1114 2788 lux
1124 2746 1200 2809 mea,
1213 2735 1311 2792 tecum

518 2828 635 2906 Arguar
647 2834 717 2887 ante
732 2825 812 2907 ipsas
824 2824 1022 2886 concubuisse
1035 2823 1159 2906 plagas:

478 2925 562 2988 Tunc
574 2915 672 2987 veniat
685 2923 755 2986 lieet
770 2923 809 2986 ad
824 2941 935 3001 casses,
949 2922 1058 2984 illaesus
1072 2923 1175 3004 abibit,

516 3024 559 3086 Ne
573 3022 698 3087 Veneris
715 3021 830 3102 eupidae
843 3020 951 3101 gaudia
965 3019 1077 3100 turbet,
1092 3024 1194 3103 aper2.

446 3260 619 3334 Praeterea
633 3256 675 3332 de
690 3256 814 3331 morbo
839 3263 941 3354 poeta
964 3255 1206 3354 loquiturque
1221 3257 1409 3356 11113811-

397 3393 523 3492 piciam
547 3392 760 3468 laborantem
782 3389 928 3465 vidimus
952 3398 987 3465 et
1005 3390 1080 3465 vice
1097 3413 1160 3465 sua
1184 3393 1296 3490 tangit
1314 3415 1408 3467 ame-

397 3527 519 3602 toriam
540 3527 634 3602 illem
656 3524 821 3601 invidiam
835 3547 940 3624 quam
959 3525 1073 3623 puella
1098 3533 1195 3600 tanto
1216 3524 1353 3602 fervore
1375 3536 1409 3602 et

396 3661 429 3736 vi
446 3661 674 3759 exprimebat.
698 3659 850 3758 Sulpicia
876 3658 986 3733 missis
1006 3659 1212 3758 ambagibus
1229 3660 1263 3734 in
1283 3660 1404 3769 Cerin-

433 3953 459 4011 1.
480 3954 524 4024 IV,
538 3951 565 4024 i,
581 3953 598 4012 5
613 3970 687 4027 sqq„
702 3951 735 4009 l5
748 3971 807 4027 sqq.

431 4045 458 4099 ⁰2.
478 4043 521 4112 IV,
538 4043 678 4118 3,5sqq.,
696 4043 726 4098 11
744 4059 805 4115 sqq.

429 4132 456 4189 3.
476 4132 537 4188 llid.
554 4149 647 4207 supra,
660 4149 688 4206 p.
705 4131 749 4188 61.
