3117 5042
770 547 949 618 ...10-

430 716 544 780 Horrea
559 716 703 780 secundas
718 718 754 780 ad
770 720 942 785 deficientia
953 740 1077 799 messes,

432 816 548 898 Cuique
560 834 653 897 pecus
668 816 761 879 denso
774 818 936 899 pascebant
947 820 1065 900 agmine
1079 820 1173 882 colles

433 913 483 994 (Et
497 913 618 975 domiuo
630 916 702 977 satis
718 923 747 977 et
758 915 885 980 nimium
901 917 1020 1001 iurique
1033 918 1190 1000 lupoque),

433 1012 517 1074 Nunc
531 1010 714 1076 desiderium
728 1014 895 1098 superest¹.

397 1217 500 1294 Bonis
519 1241 600 1294 uero
617 1219 795 1317 spoliatus,
814 1221 889 1298 sine
906 1221 1013 1298 dubio
1027 1244 1106 1296 cum
1116 1243 1281 1319 agrorum
1297 1222 1362 1296 lar-

349 1353 528 1456 gitionesa
544 1354 735 1428 triumviris
745 1355 835 1430 iuter
845 1355 970 1431 milites
984 1355 1081 1431 luctae
1093 1362 1185 1444 sunt,
1199 1355 1247 1429 rei
1263 1354 1362 1428 lami-

349 1485 442 1563 liaris
461 1492 611 1583 partem,
635 1487 778 1562 Messala
800 1485 915 1562 forsan
939 1486 1140 1586 adjuvante,
1156 1508 1225 1561 non
1254 1485 1362 1560 multo

349 1625 424 1715 post
445 1624 602 1715 tempore
631 1617 859 1714 recuperavit.
892 1617 1001 1696 Testis
1026 1617 1201 1707 Horatius,
1232 1615 1292 1714 qui
1328 1613 1361 1690 io

349 1750 512 1852 epistola²
525 1750 767 1854 gratulabatur
784 1751 896 1828 amico
912 1750 1006 1850 quod

651 1955 768 2020 divitias
780 1965 935 2038 artemque
951 1956 1069 2021 fruendi

348 2066 384 2134 et

490 2171 636 2236 mundum
651 2171 761 2234 victum
778 2190 839 2234 uon
854 2170 1012 2235 deficiente
1025 2171 1183 2236 crumena³

348 2397 465 2448 rursus
479 2372 644 2460 haberet;
667 2372 761 2448 testis
775 2381 810 2447 et
823 2380 925 2470 poeta
941 2371 1026 2470 ipse,
1041 2372 1102 2470 qui
1119 2394 1226 2470 aequo
1244 2372 1361 2448 animo

348 2508 575 2584 recentiorem
591 2505 782 2599 fortunam,
803 2507 866 2582 etsi
880 2507 1116 2597 imminutam,
1134 2505 1280 2603 accipit:

431 2712 478 2777 lle
490 2731 558 2777 mea
569 2720 729 2795 paupertas
741 2713 808 2776 vitae
821 2711 959 2776 traducat
973 2711 1062 2775 inerti

468 2812 544 2874 llum
560 2830 645 2874 meus
660 2811 765 2890 exiguo
780 2810 878 2873 luceat
889 2811 958 2890 igue
972 2811 1067 2874 locus.
1089 2893 1092 2899 Ι

428 3010 487 3074 Vos
497 3027 615 3091 quoque
627 3007 724 3071 ielicis
739 3007 902 3091 quondam,
916 3026 995 3070 nuuc
1007 3007 1147 3089 pauperis
1162 3006 1226 3087 agri

470 3107 626 3186 Custodes,
643 3106 726 3170 sertis
742 3124 868 3169 munera
882 3107 978 3168 vestra
990 3105 1094 3168 Lares!

549 3546 593 3563 ...
611 3499 672 3579 Ego
688 3498 853 3580 composito
867 3516 991 3561 securus
1003 3516 1108 3560 acervo

468 3598 637 3680 Despiciam
650 3597 727 3660 dites
742 3595 966 3682 despiciamque
980 3595 1118 3661 lamem⁴.

381 3843 407 3898 r.
427 3839 473 3908 iv,
488 3840 514 3908 r,
532 3838 664 3912 rsa‚sqq.

363 3931 407 3988 a.
429 3931 451 3998 1,
462 3930 490 3986 r.

382 4019 408 4076 a.
430 4017 512 4087 rua,
529 4018 585 4075 ru
598 4017 641 4072 rr.

380 4109 407 4166 r.
428 4107 449 4178 r,
471 4109 492 4176 r,
505 4106 562 4175 ee,
575 4106 619 4176 aa,
636 4104 727 4163 moe.
