3117 5042
780 671 826 691 ,.
846 631 891 702 ld
912 669 958 685 .-

364 775 485 852 lortior
501 784 663 853 tamenet
677 775 799 852 inerte
816 774 1030 875 praestantior
1048 771 1252 872 aegritudine
1267 773 1377 850 lactus

364 918 438 991 erut
449 910 593 1010 ejusque
603 910 778 1008 ingenium
791 910 1027 1008 experimento
1043 908 1245 984 invaluerat.
1259 907 1377 998 Qualis

360 1045 402 1120 sit
429 1045 612 1119 mulierum
644 1053 678 1120 et
699 1043 835 1118 enimus
857 1052 892 1118 ct
916 1042 1048 1118 indoles
1067 1043 1142 1142 jam
1168 1043 1231 1117 scit
1252 1043 1373 1140 perite,

362 1178 454 1278 quod
464 1178 606 1254 omnino
618 1181 652 1252 in
665 1177 1007 1276 primiscarminibus
1017 1176 1197 1276 ignorabat
1205 1199 1375 1275 ;cumque

362 1327 517 1380 amorem
536 1303 610 1403 iam
639 1326 708 1379 nou
734 1301 914 1402 proprium
934 1301 1164 1378 sedulianum
1191 1300 1372 1390 describat,

362 1447 432 1514 tam
448 1438 596 1513 liberum
614 1446 727 1514 servat
746 1437 903 1512 animum
917 1444 954 1512 ut
972 1460 1104 1528 sensus,
1126 1458 1213 1535 quos
1231 1436 1325 1512 testis
1342 1443 1375 1511 et

361 1561 518 1648 c'onscius
530 1572 636 1663 novit,
653 1571 789 1670 penitus
803 1571 1015 1669 introspiciat
1032 1580 1066 1645 et
1081 1570 1270 1646 describat.

411 1707 647 1783 Seriestamcn
659 1707 825 1805 posterior
835 1707 943 1806 megis
955 1705 1058 1783 etiam
1073 1727 1134 1780 nos
1148 1702 1376 1780 movetdelec-

362 1850 493 1937 totquc,
525 1864 604 1916 nam
638 1864 794 1918 amorem
824 1839 1003 1917 ardentem
1033 1849 1068 1916 et
1096 1863 1217 1916 verum
1243 1839 1376 1915 omissis

361 1976 503 2051 omnino
518 1975 896 2074 lucisambagibusque,
914 1985 949 2049 et
959 1975 1148 2074 ingenuam
1156 1973 1326 2050 scribendi
1342 1982 1377 2048 et

264 2109 269 2120 '
361 2108 634 2187 versusfaciendi
642 2118 752 2186 artem
762 2108 928 2185 ostendit.
940 2110 1193 2208 Multaquoque
1206 2116 1288 2183 sunt
1298 2108 1377 2182 vitia

360 2228 440 2343 uum
459 2244 665 2342 imperitiam
677 2247 850 2344 arguunt¹.
870 2242 1071 2319 Carminum
1087 2219 1239 2319 conditio
1252 2241 1378 2340 saepius

362 2379 457 2456 haud
469 2381 638 2456 concinna
647 2405 657 2469 ;
670 2401 789 2454 versus
804 2378 959 2454 nonnulli
972 2386 1053 2454 suut
1068 2378 1253 2470 malcomi,
1271 2377 1350 2452 duri
1363 2405 1372 2466 ;

361 2514 467 2590 verba
480 2513 550 2590 huc
565 2514 642 2588 illuc
653 2513 788 2602 inania3
813 2521 893 2588 sunt
911 2514 1015 2588 etiam
1040 2513 1154 2587 minus
1167 2513 1307 2611 propria
1323 2513 1376 2587 vel

362 2647 548 2738 inurbane,
570 2649 623 2722 vel
636 2648 779 2723 obscura
799 2655 834 2723 et
859 2648 1003 2723 incerta.
1021 2647 1120 2722 Istius
1144 2647 1279 2747 generis
1295 2669 1378 2745 pro-

362 2780 451 2856 lerre
462 2789 513 2857 set
529 2782 594 2856 erit
603 2780 831 2880 propinquet,
844 2806 899 2855 me
915 2780 1000 2858 lalso
1010 2783 1204 2858 detractum
1217 2779 1243 2873 ³,
1256 2783 1320 2856 iter
1333 2806 1376 2856 cr

406 3023 432 3080 l.
452 3021 524 3091 Etsi,
538 3029 569 3078 ut
590 3038 674 3096 supra
691 3022 794 3079 dietum
807 3024 846 3097 (p.
861 3022 907 3093 m,
919 3040 946 3079 n.
964 3024 1001 3096 l),
1019 3023 1160 3096 llnappius
1180 3023 1241 3080 haec
1255 3021 1376 3078 carmina

360 3113 394 3171 ab
409 3112 471 3185 ipso
486 3110 593 3167 Tibullo
609 3111 763 3186 conscripta
778 3129 839 3169 esse
854 3112 1012 3182 contendat,
1027 3111 1130 3169 latetur
1145 3120 1237 3169 tamen
1252 3114 1289 3185 (p.
1304 3111 1352 3182 ll)
1367 3127 1373 3164 :

362 3201 548 3259 «Sermonem
577 3199 676 3257 durum
701 3209 730 3258 et
755 3200 918 3274 impeditum
947 3218 1017 3258 esse.
1045 3201 1152 3276 Saepius
1166 3201 1259 3259 inania
1278 3201 1374 3266 verba,
1483 3214 1487 3227 ‘

358 3290 458 3364 qulbus
468 3290 552 3363 pedes
564 3290 681 3364 quodam
690 3289 770 3346 modo
782 3289 982 3364 compleantur,
994 3290 1058 3364 legi.
1067 3289 1146 3347 Haud
1154 3307 1218 3347 raro
1229 3291 1374 3347 verborum

360 3380 590 3438 constructionem
605 3397 665 3436 esse
677 3378 822 3449 incertam,
839 3379 923 3436 veluti
941 3379 971 3435 in
990 3379 1080 3454 elegia
1095 3379 1211 3449 decima,
1227 3379 1276 3436 ubi
1291 3378 1375 3436 verba

360 3470 405 3526 viu
434 3469 540 3544 possint
565 3469 696 3540 construi,
719 3469 843 3542 quamvis
868 3468 902 3526 de
933 3486 1018 3527 seusu
1041 3470 1234 3528 enuntiationis
1257 3466 1374 3526 dubitari

361 3567 513 3632 nequeat.)

396 3649 421 3704 Ξ.
443 3647 487 3717 IV,
502 3648 528 3718 8,
542 3648 559 3705 6
574 3667 580 3704 :

503 3805 568 3864 lam,
584 3801 685 3853 nimium
700 3805 804 3855 Messala
815 3804 864 3855 mei
877 3805 986 3856 studiosa
999 3804 1123 3870 quiescas,

538 3875 591 3926 llon
604 3875 752 3940 tempestivae
763 3891 829 3940 saepe
839 3879 984 3944 propinque
996 3878 1051 3929 rioe.

398 4040 424 4097 3.
445 4041 489 4108 IV,
503 4041 529 4109 8,
546 4041 562 4097 8
579 4059 585 4097 ε

540 4169 644 4220 Arbitrio
659 4169 774 4234 quoniam
786 4186 835 4222 non
848 4168 908 4224 riuis
920 4187 974 4225 esse
986 4187 1051 4224 meo.
