3117 5042
606 605 787 677 ...51-

188 783 308 851 nolum
329 775 465 850 tilulum
493 797 661 875 usurpare
691 777 893 864 audeamus,
925 776 1078 853 lahulam
1102 778 1202 868 illam,

194 901 215 978 u
230 909 331 1008 Apud
348 913 522 1000 Romanos
542 911 702 1007 pauperis
728 911 911 1010 cujusdam
932 911 1070 1010 juvenis
1097 935 1197 988 amo-

187 1066 243 1119 res
256 1071 275 1112 >›
295 1043 411 1120 dicere
429 1045 546 1120 liceat.

237 1177 391 1275 Sulpicia
404 1180 518 1276 prima
534 1179 644 1253 aetatis
657 1179 839 1277 juventule
856 1179 971 1270 llorel;
991 1179 1105 1255 forma
1118 1183 1198 1258 exi-

191 1313 274 1404 mia,
291 1312 397 1387 nobili
418 1336 557 1412 genere,
583 1320 623 1387 ut
638 1311 712 1411 ipsa
735 1336 806 1388 nou
830 1313 904 1388 sine
924 1314 1085 1412 superbia
1103 1335 1197 1413 praa-

190 1444 280 1522 dicat
293 1449 315 1534 ¹,
352 1445 447 1523 dives
477 1448 551 1524 siue
584 1446 709 1540 dubio,
744 1446 877 1545 perdite
912 1457 1005 1522 amat
1032 1449 1198 1547 juvenem
1233 1439 1236 1444 ’

190 1582 390 1679 quemdam,
407 1581 501 1657 uultu
519 1582 688 1681 insignem
700 1581 727 1670 ²,
748 1582 804 1657 cui
827 1583 948 1656 multae·
966 1590 1098 1680 lepenl,
1114 1606 1205 1659 nam*

192 1716 343 1814 Sulpicia
363 1715 454 1814 quod
484 1716 606 1791 rivales
629 1715 754 1792 habeat
783 1713 915 1807 dolel³,
943 1717 1056 1815 etqui
1082 1717 1196 1793 forsan

191 1848 282 1925 idem
304 1857 355 1926 est
386 1850 429 1926 de
463 1873 533 1948 quo
564 1850 707 1926 Flaccus
735 1849 897 1925 dicebat:

329 2083 389 2147 Nec
402 2080 496 2164 magis
511 2083 593 2164 huic,
609 2083 689 2147 iuter
702 2083 804 2145 niveos
816 2081 986 2164 viridesque
997 2082 1141 2164 lapillos*

331 2181 376 2245 Sit
390 2181 470 2260 licel,
489 2181 557 2260 hoc,
574 2180 724 2262 Cerintho,
739 2189 789 2243 tuo
802 2188 941 2243 tenerum
954 2189 998 2244 est
1010 2180 1109 2244 lemur

330 2279 481 2344 Rectius⁴.
1043 2279 1110 2359 [aut
1129 2297 1180 2340 cru

239 2515 289 2590 De
305 2514 360 2589 illa
370 2514 547 2590 menlioue
561 2512 727 2588 Orellius⁵
738 2520 835 2588 uolat
847 2512 959 2588 Flacci
973 2512 1113 2586 satiram
1128 2512 1201 2587 cir-

190 2647 277 2725 ciler
295 2649 366 2724 715
387 2649 550 2748 scriptam
571 2671 643 2724 esse
662 2656 696 2724 et
719 2648 833 2746 quarli
853 2647 931 2722 libri
951 2647 1066 2746 elegos
1092 2647 1207 2722 circi·

193 2791 245 2858 lor
273 2783 364 2873 7303
397 2783 543 2859 dubium
576 2782 679 2882 igilur
706 2780 802 2857 ducit
827 2781 990 2858 eumdem
1021 2804 1042 2855 a
1068 2780 1205 2856 duobus

231 3090 257 3145 l.
277 3089 338 3144 Vid.
355 3099 448 3161 supra,
464 3106 491 3162 p.
506 3089 550 3145 43.

231 3170 257 3226 2.
278 3169 323 3238 IV,
336 3169 363 3237 5,
377 3168 436 3237 l-a,
451 3170 514 3225 7-8ᾖ

356 3325 390 3374 Te
402 3305 519 3376 nascente
533 3337 624 3374 uorum
638 3325 720 3374 Parcae
730 3319 842 3372 cecinere
852 3320 940 3384 puellis

394 3391 526 3447 Servilium
541 3401 566 3448 et
580 3396 700 3446 dederunt
712 3407 789 3458 regua
800 3393 904 3456 superba
919 3392 972 3443 tici.

354 3541 452 3588 lluluus
466 3539 618 3600 adulterim,
634 3552 677 3602 per
686 3543 710 3588 le
720 3536 860 3588 dulcissima
870 3536 945 3599 lurra,

391 3611 485 3674 Perque
498 3615 552 3660 lues
566 3611 648 3660 oculos
661 3623 705 3672 per
719 3609 871 3670 Geniumque
881 3621 952 3672 regu.

233 3773 260 3830 3.
283 3773 342 3830 viu.
358 3774 403 3845 lv,
415 3775 459 3832 10.

231 3864 257 3920 l.
279 3866 341 3921 Sul.
355 3863 528 3938 1‚e,8o‚sq.
547 3863 645 3920 Versus
660 3864 770 3938 quidem
784 3864 858 3920 haud
868 3861 961 3918 faciles
973 3861 1007 3918 ad
1019 3859 1207 3936 explicandum

193 3959 225 4008 el
257 3951 357 4028 saepius
383 3952 412 4008 iu
445 3952 584 4009 diversum
614 3953 690 4010 torti.
712 3953 826 4009 Teuluur
847 3952 988 4025 sequimur
1012 3969 1028 4009 a
1051 3949 1208 4024 professore

191 4040 227 4097 E.
243 4041 355 4098 Benoist
374 4041 402 4096 ln
421 4041 642 4116 praelectiouibus
660 4042 765 4099 datum.

233 4131 259 4186 5.
277 4131 309 4186 ln
322 4139 468 4187 comment.
486 4130 519 4187 de
535 4131 642 4200 Horat„
657 4131 760 4200 larici,
773 4130 851 4187 1838.
