3117 5042
571 560 749 632 ..99-

204 723 290 798 r-c.
311 724 420 799 Natali
440 724 590 800 Messalae
604 723 659 799 die
678 725 796 798 Parcae
810 723 965 820 cecinere
982 725 1079 800 iltum
1095 725 1169 805 iure

152 857 213 954 qui
234 858 423 956 Aquitanos
439 859 591 934 uinceret
608 866 642 934 et
660 857 704 933 de
723 861 771 934 eis
788 859 1033 956 triumpharet.

206 992 316 1066 7-te.
344 995 450 1069 Poeta
474 993 600 1068 comite
623 992 699 1067 duci
721 992 830 1068 honos
859 993 920 1068 ilie
945 1009 1064 1092 partus
1088 993 1165 1070 fuit.

205 1126 329 1201 13-28.
341 1127 445 1201 Multa
459 1150 597 1226 queque
611 1149 689 1203 cum
701 1127 812 1226 gloria
826 1127 860 1201 in
878 1128 957 1203 Asia
972 1136 1006 1204 et
1018 1132 1168 1229 AEgyptu

154 1261 296 1335 Messala
322 1262 472 1338 bellavit.

141 1387 143 1392 ’
206 1395 330 1469 aene.
359 1396 442 1473 lude
466 1397 501 1470 in
526 1397 666 1497 longum
696 1397 740 1472 de
766 1396 907 1490 Osiridi,
924 1399 1166 1498 AEgypticrum

154 1529 234 1622 dec,
255 1553 437 1607 excursum
458 1540 560 1630 pecta
578 1539 754 1630 evagatur.

204 1664 330 1741 49-54.
346 1666 452 1741 Osiris
461 1667 566 1765 igitur
589 1667 659 1766 ipse
684 1667 798 1742 veniat
824 1674 862 1740 ut
884 1668 1034 1743 Messalae
1051 1669 1170 1744 trium·

154 1799 265 1898 phum
281 1801 361 1876 vinu
376 1810 410 1878 et
427 1801 517 1877 ludis
535 1802 751 1878 concelebre.

205 1934 329 2011 55-64.
345 1937 469 2012 Omnia
484 1938 633 2012 Messalae
648 1937 739 2012 buna
749 1944 851 2033 poeta
863 1947 1042 2035 precatur:
1057 1940 1170 2036 prutes

155 2076 253 2166 patre
280 2069 388 2170 digua
419 2071 450 2146 ei
476 2080 669 2149 succrescat
694 2096 704 2166 3
730 2070 773 2146 de
799 2071 863 2146 viae
893 2095 999 2169 quam
1025 2074 1170 2149 munivit

155 2207 388 2280 monumentis
426 2229 605 2304 nunquam
654 2213 810 2280 taceatur
859 2214 894 2281 et
927 2205 1003 2304 ejus
1043 2208 1169 2282 natatis

157 2340 362 2437 multosper
378 2362 486 2414 annes
499 2338 729 2446 celebrandus
748 2339 874 2414 veniat.

202 2475 278 2548 Mea
292 2474 432 2574 quidem
449 2475 628 2574 sententia,
651 2473 784 2549 duobus
798 2474 861 2548 iltis
873 2475 1084 2549 carminibus
1101 2476 1169 2550 cut·

155 2607 243 2698 tatis,
280 2609 448 2686 sententia
476 2631 596 2684 eurum
628 2609 688 2707 qui
714 2609 958 2707 panegyricum
987 2633 1008 2683 a
1036 2609 1170 2714 Tibulle
1246 2577 1253 2591 ‘
1300 2649 1303 2655 =

154 2743 382 2842 compositum
406 2743 622 2819 contendunt
645 2743 851 2818 validissime
872 2753 1077 2843 argumente
1102 2742 1170 2816 fir-

155 2886 284 2953 matur.
299 2878 336 2951 lu
358 2885 503 2976 utruque
518 2877 611 2952 euim
631 2876 761 2954 eaedem
777 2878 931 2967 virtutes,
953 2878 1073 2953 eadem
1088 2878 1171 2952 vitia

154 3012 322 3103 eminent,
351 3012 414 3088 etsi
434 3035 502 3087 nun
527 3011 667 3110 pariter,
699 3012 809 3111 elegia
843 3011 936 3088 enim
963 3011 1170 3111 panegyrico

153 3147 343 3244 petierest.
384 3146 541 3220 Primum
579 3145 703 3220 ductus
736 3153 770 3221 et
807 3144 919 3221 ferma
949 3146 984 3219 in
1023 3155 1170 3243 utruque

155 3280 376 3378 inaequabiiia
399 3289 480 3354 sunt
497 3288 531 3355 et
554 3278 710 3371 confusa,
728 3288 843 3376 partes
858 3303 951 3354 nune
966 3279 1167 3370 decurtatae,

155 3437 249 3490 nune
264 3413 421 3506 fusiores,
438 3414 528 3489 iuter
543 3437 579 3490 se
593 3436 662 3489 nun
678 3416 887 3489 conveniunt
903 3435 966 3489 nee
979 3413 1168 3489 cuhaerent.

154 3549 304 3641 Etenim,
337 3573 417 3624 cum
451 3549 615 3623 carminis
645 3558 865 3648 argumente,
908 3547 1037 3624 scilicet
1076 3547 1170 3622 laudi
1278 3616 1288 3635 ,

155 3685 317 3774 Messalae,
329 3684 498 3760 minorem
514 3683 630 3759 locum
641 3691 743 3781 poeta
753 3683 894 3775 tribuat,
906 3683 1002 3758 omni
1014 3692 1171 3781 tempure

154 3829 228 3893 tum
239 3818 281 3894 ad
293 3817 520 3908 narrandum,
534 3825 609 3891 tum
620 3817 663 3892 ad
679 3817 946 3894 describendum
957 3817 1165 3918 digreditur;

155 3953 421 4052 geographicam
462 3951 639 4027 scientiam
683 3951 841 4050 inprimis
872 3960 1045 4029 ostentare
1073 3951 1168 4028 cordi

156 4085 270 4164 habet.
280 4088 368 4162 Hine
379 4086 472 4161 euim
481 4087 607 4184 Ulyssis
617 4108 764 4176 errores,
776 4085 870 4167 illine
884 4087 997 4168 cultus
1009 4086 1165 4176 Osiridis,
