3117 5042
571 561 748 638 -57-

158 767 225 833 cae,
258 743 373 818 miuus
405 743 440 816 iu
472 741 735 817 oblectationem
766 761 873 839 quam
904 721 1082 816 utilitatem
1115 740 1169 814 iu.-

158 888 308 969 structae‚
322 877 424 952 lirmo
437 877 567 968 animo,
583 884 678 952 certo
688 875 817 975 judicio
831 881 1031 972 praestantes
1042 877 1065 951 ¹.
1080 869 1169 951 Cum

156 1011 383 1110 elegantiores
402 1033 515 1087 mores
534 1019 569 1086 et
593 1003 755 1086 cultiores
775 1010 883 1084 animi
901 1009 981 1084 sacti
1001 1013 1094 1096 suut,
1116 1009 1133 1082 l
1152 1051 1169 1064 ·

158 1147 262 1221 minae
278 1147 443 1245 paulatim
457 1144 589 1221 artibus
600 1144 743 1221 erudita
756 1137 838 1219 sunt
851 1144 978 1242 quibus
991 1144 1169 1244 ingenium

118 1319 120 1324 2
157 1281 366 1357 excitaretur
394 1290 428 1356 et
450 1280 616 1379 jucundae
644 1279 753 1378 magis
785 1278 990 1377 blandaeque
1020 1278 1163 1368 ficreut3

157 1414 239 1490 hiuc
258 1437 355 1490 norae
376 1423 409 1491 et
430 1415 566 1490 eximiae
581 1415 690 1505 dotes,
708 1413 789 1488 hinc
803 1436 943 1512 quoque
959 1413 1114 1511 pericula
1133 1421 1169 1488 et

157 1571 272 1624 mores
286 1550 395 1650 magis
408 1559 513 1648 atque
527 1549 640 1648 magis
657 1548 824 1623 inclinati.
848 1548 983 1624 Litteris
1000 1547 1121 1646 graecis
1134 1556 1169 1623 et

157 1683 271 1758 latinis
285 1683 485 1776 studebant,
502 1691 642 1759 cantara
660 1681 853 1772 discebant,
869 1682 1074 1781 quinimmo
1093 1682 1169 1756 sal-

155 1825 244 1908 tare,
270 1817 375 1916 quod,
404 1818 525 1916 priscis
552 1815 750 1915 reipublicae
774 1817 1041 1914 temporibus,«
1065 1839 1169 1892 uemo

157 1950 229 2028 fere
246 1953 410 2028 sobrius»
431 1975 537 2052 agore
560 1952 742 2044 audebat²,
769 1954 805 2026 iu
832 1961 944 2028 cretus
965 1960 1000 2028 et
1013 1951 1169 2027 banvida

157 2087 441 2181 admittebantur.
461 2086 644 2187 paedagogi
661 2096 696 2162 et
710 2093 952 2185 praeceptores
964 2085 1169 2183 plerumque

157 2222 261 2320 graeci
279 2222 427 2320 generis,
445 2221 520 2296 illas
538 2229 629 2297 artes
646 2221 816 2322 ingenuas
831 2227 866 2296 et
884 2219 1024 2294 illustris
1038 2218 1168 2294 ordinis

160 2356 289 2453 puellas
316 2355 410 2431 domi
439 2355 631 2432 edocebant
654 2378 718 2431 uec
751 2378 889 2452 semper
912 2377 1032 2430 earum
1061 2352 1168 2451 pudi-

157 2489 247 2565 citiae
263 2500 298 2566 et
313 2491 517 2567 innocentiae
532 2491 793 2589 temperabaut;
812 2488 969 2564 videmus
983 2488 1075 2564 enirn
1095 2490 1164 2578 Qu.

157 2625 334 2700 Caruilium
348 2625 539 2723 Epirotam,
559 2625 661 2700 Attici
678 2625 854 2717 libertum,
873 2646 953 2699 cum
977 2622 1083 2697 filiam
1105 2644 1168 2718 pa-

157 2755 1162 2859 trouidoceret‚«suspectumetobhoeremoturufuisse³.»

157 2895 321 2970 Matronae
339 2894 438 2971 lactae
454 2919 583 2995 magua·
602 2896 760 2972 libertate
780 2894 942 2970 mulieres
965 2892 1168 2969 fruebantur

158 3039 192 3104 et
230 3031 355 3129 saepius
379 3030 623 3105 abutebantur.
667 3030 728 3104 Sui
755 3001 879 3104 ferme
897 3036 1033 3103 tautum
1062 3025 1168 3124 juris,

157 3164 337 3262 proprium
377 3165 556 3264 negotium
604 3188 666 3263 per
713 3170 954 3262 procuratores
1002 3158 1167 3259 gerebant

157 3307 192 3373 et
230 3297 427 3374 homiuibus
473 3322 572 3398 pares
601 3300 683 3399 quin
718 3298 826 3373 immo
851 3295 1065 3394 superiores,
1099 3316 1168 3369 nou

157 3431 269 3507 solum
295 3433 388 3508 domi
415 3434 473 3510 sed
503 3433 537 3508 in
567 3434 660 3510 omui
689 3441 780 3508 coetu
801 3430 942 3507 fiebant.
970 3427 1168 3503 Dummodo

194 3690 219 3745 t.
241 3690 280 3746 lle
292 3689 382 3764 prisca
397 3691 467 3766 apud
483 3691 617 3749 Romanos
629 3691 791 3748 feminarum
804 3689 977 3747 institutione
990 3697 1017 3746 et
1030 3699 1170 3747 matrona·

159 3796 221 3835 rum
235 3779 337 3849 indole,
353 3779 405 3836 vid.
422 3781 453 3839 G.
468 3780 791 3853 Boissier,l.orelipion
803 3780 1097 3854 roraoiaed'dapartc
1109 3795 1170 3838 aaa

159 3868 315 3940 Antonias,
330 3869 379 3925 lib.
393 3869 437 3940 lll,
451 3887 511 3945 cap.
524 3868 557 3938 ΙΙ,
574 3873 601 3942 3,
617 3879 637 3929 Ι.
650 3873 687 3944 ΙΙ,
703 3889 730 3944 p.
750 3870 878 3928 ato-ata.

194 3959 220 4016 Ι.
241 3958 310 4029 Cic,
326 3961 384 4017 Pro
398 3961 522 4031 Merca,
538 3962 566 4018 6.

194 4048 220 4105 3.
242 4048 318 4118 Suet,
332 4053 456 4108 mamm.
470 4052 525 4121 tra,
538 4052 581 4108 ld.
597 4083 632 4092 -
646 4048 706 4106 Vid.
723 4049 918 4123 reiectanea,
929 4051 1168 4125 Heraclidam,

169 4137 207 4194 ib.
220 4136 254 4209 V,
270 4138 396 4196 translat.
415 4139 493 4212 gall„
506 4149 526 4197 t.
541 4140 562 4211 l,
576 4140 743 4214 patr-ete.
