3117 5042
376 1210 382 1220 ·
438 1169 643 1258 CAPUT
682 1174 942 1266 PRIMUM

186 1491 274 1535 eduen
290 1493 325 1535 DE
344 1493 455 1537 TlBULLl
476 1493 547 1536 vrit.
558 1514 594 1521 —
605 1495 738 1544 QUOMODO
754 1497 819 1540 EJUS
836 1498 961 1542 ebulliret
979 1500 1062 1543 EDl'l'A
1079 1502 1195 1547 snm.—

221 1591 282 1640 QUAE
309 1591 337 1633 ln
353 1591 490 1635 ornamus
513 1593 578 1635 EJUS
608 1593 712 1637 PARTES
736 1595 832 1638 CERTAE
861 1597 934 1652 slus,
961 1598 1023 1647 QUAE
1041 1600 1133 1643 DUBIAE
1152 1602 1195 1643 Vl·
1259 1652 1261 1655 ι

220 1688 362 1732 DEANTUR.
383 1709 418 1718 -
440 1689 565 1736 MESSALA
594 1693 627 1736 ΕΤ
651 1692 717 1736 ΕᾸῑῐῧ
743 1693 847 1738 COETUS.
874 1713 909 1721 -
935 1696 972 1738 DE
991 1695 1097 1745 nonnul
1122 1699 1195 1741 Lllllll

220 1787 365 1831 PARTIBVS.

230 2105 424 2201 Antequam
441 2102 556 2201 quarti
569 2102 645 2177 libri
657 2105 926 2204 recognitionem
937 2105 1193 2205 aggrediamur,

183 2261 290 2338 pauco
299 2238 342 2313 de
352 2236 477 2312 Tibulli
490 2236 559 2312 vilo
571 2236 738 2313 disserere
748 2260 886 2313 necesse
898 2249 959 2329 est,
971 2240 1196 2337 uterquirere

183 2373 352 2472 possimus
375 2371 549 2469 quomodo
577 2380 682 2468 poeto
699 2372 855 2447 carmina
874 2371 1078 2463 condiderit,
1103 2397 1194 2471 quo-

183 2507 287 2582 modo
303 2507 337 2580 in
353 2505 466 2580 lucem
485 2504 678 2603 protulerit,

228 2641 308 2717 Dies
326 2640 416 2714 intro
437 2661 524 2737 quos
541 2638 616 2737 ejus
630 2638 701 2712 vita
719 2637 859 2713 duxerit
876 2639 970 2715 boud
991 2638 1089 2716 lacile
1103 2640 1192 2716 deli-

182 2775 333 2848 niuntur.
351 2774 401 2849 Dc
417 2773 538 2847 ultima
553 2771 715 2848 certiores
728 2772 1080 2849 noslooiuntDomilii
1092 2775 1192 2850 Marsi

181 2909 364 3007 versusqui
381 2909 415 2981 in
430 2906 543 2982 fronte
559 2906 873 3004 manuscriptorum
887 2909 1057 3006 praepositi
1075 2909 1191 2996 sunt¹,

261 3122 302 3186 Te
315 3139 434 3206 quoque
446 3119 570 3200 Virgilio
585 3121 724 3183 comitem
739 3139 800 3184 non
814 3139 910 3202 aeque,
929 3120 1057 3208 Tibulle,

299 3219 378 3284 Mors
388 3220 532 3300 juvenem
547 3237 669 3300 campos
686 3217 767 3281 misit
782 3218 819 3280 ad
834 3217 961 3300 Elysios,

262 3317 306 3382 Ne
322 3318 398 3380 loret
414 3324 464 3380 aut
476 3315 570 3396 elegis
580 3315 685 3379 molles
700 3317 751 3398 qui
764 3317 851 3379 lleret
864 3333 981 3378 amores

301 3416 362 3480 Aut
374 3421 495 3479 caneret
509 3414 579 3478 lorti
590 3415 675 3498 regia
688 3413 767 3478 bella
781 3414 867 3496 pede.

230 3621 393 3724 Virgilius
429 3621 514 3698 obiit
547 3646 583 3698 m
616 3631 697 3698 onte
729 3621 891 3697 colendos
929 3618 1085 3696 octobres
1122 3619 1194 3695 735

181 3779 216 3855 n.
229 3781 265 3832 u.
276 3779 325 3848 e,
336 3757 384 3831 19
399 3780 432 3832 o.
443 3758 483 3832 C.
495 3780 553 3841 n.;
572 3756 747 3832 Tibullum
762 3778 846 3854 ergo
859 3763 1036 3832 mortuum
1052 3777 1125 3830 esse
1139 3756 1194 3830 vel

217 3996 242 4050 l.
264 3993 418 4052 Verisimile
433 4002 475 4053 est
489 3993 551 4053 illos
561 4010 657 4052 versus
671 3993 699 4051 in
712 3992 795 4062 libro,
808 4009 881 4049 nunc
892 3992 1003 4063 amisso,
1018 3991 1143 4051 Suetonii
1152 3992 1195 4052 De

70 4110 75 4120 ·
183 4083 276 4143 Poetis
289 4083 409 4142 insertos
422 4081 518 4145 luisse.
