3117 5042
793 493 972 564 ..qn-

377 665 435 740 sed
475 695 491 734 «
522 665 620 741 Servi
647 664 726 739 filiae
758 692 775 736 u
805 665 946 765 conjux.
981 665 1110 742 Genius
1137 664 1233 742 adest
1273 666 1388 764 igitur,

379 799 561 876 «honores
578 799 730 874 visurus¹
751 825 759 873 :
779 827 797 872 x

455 1021 573 1086 Adnuat
586 1030 626 1099 et,
644 1023 790 1100 Cornuto,
807 1021 863 1084 tibi
877 1021 1087 1105 quodcumque
1101 1021 1228 1102 rogabis.

496 1121 541 1184 En
556 1139 621 1201 age,
638 1121 711 1203 quid
726 1119 851 1184 cessas?
864 1120 970 1183 adnuit
982 1119 1035 1182 ille
1051 1140 1059 1180 :
1076 1137 1157 1199 roga

429 1277 434 1288 .
456 1219 607 1300 Auguror,
622 1219 723 1284 uxoris
737 1220 814 1284 fidos
831 1218 947 1301 optabis
962 1235 1090 1281 amores.
1127 1229 1131 1235 ·

456 1416 531 1481 Vota
545 1415 665 1479 cedunt.
681 1415 778 1480 Viden
794 1422 827 1477 ut
843 1414 1071 1497 strepitantibus
1086 1413 1203 1476 advolet
1217 1414 1273 1476 alis

377 1549 380 1556 ,
496 1513 643 1596 Flavaque
657 1514 796 1594 conjugio
809 1513 928 1576 vincula
942 1520 1038 1595 portet
1052 1513 1155 1590 Amor,

457 1609 582 1692 Vincula
597 1631 662 1695 quae
677 1620 818 1675 maneant
830 1628 961 1693 semper,
978 1611 1050 1673 dum
1064 1610 1150 1673 tarda
1162 1616 1301 1674 senectus

498 1710 625 1773 Iuducat
636 1729 724 1791 rugas
739 1711 915 1792 inficiatque
928 1728 1039 1772 comas.

372 1887 375 1893 7
431 1817 433 1822 “
455 1809 517 1871 Hac
531 1808 629 1871 veniat
646 1807 754 1871 natalis
769 1808 816 1870 avi
830 1808 1002 1889 prolemque
1015 1807 1174 1886 ministret,

494 1906 589 1969 Ludat
603 1913 631 1969 et
648 1913 800 1969 anta-tuos
814 1907 901 1969 turha
917 1906 1033 1969 novella
1048 1906 1167 1988 pedes'.

425 2106 475 2178 Ex
489 2103 545 2179 illo
560 2103 655 2179 brevi
681 2104 806 2194 indice,
826 2103 926 2179 lacile
950 2103 1104 2178 cernitur
1121 2101 1285 2200 inpriore
1303 2103 1390 2178 serie

375 2238 538 2335 explicari
566 2238 708 2314 allectus
735 2238 794 2336 qui
821 2248 924 2314 antea
956 2237 991 2311 in
1024 2237 1213 2335 posteriore
1240 2235 1390 2312 brevitor

374 2372 523 2469 expressi
548 2372 694 2448 luerent.
724 2372 821 2448 ldem
847 2395 946 2447 amor
970 2394 1048 2446 cum
1066 2369 1197 2444 vicibus
1214 2370 1335 2445 iisdem
1355 2371 1388 2445 iu

375 2515 521 2604 utraque
544 2507 713 2600 volvitur3
740 2506 834 2582 verbi
865 2506 992 2607 gratia,
1012 2514 1171 2603 quartum
1194 2526 1335 2578 carmen
1358 2513 1391 2579 et

375 2639 599 2714 undecimum
624 2639 657 2714 in
682 2640 843 2739 Sulpiciae
867 2640 1001 2728 morbo,
1025 2638 1186 2738 quintum
1206 2646 1240 2713 et
1259 2660 1388 2713 nouum

291 2871 293 2876 Ι
374 2774 407 2847 in
432 2774 535 2847 natali
564 2774 716 2849 Corinthi
745 2782 856 2849 tractu
877 2773 1000 2850 eodem
1031 2773 1258 2871 explicantur.
1291 2773 1390 2847 Prior

374 2907 478 2982 series
497 2915 633 3005 poetam
656 2909 738 2982 artis
754 2916 949 3006 compotem
969 2916 1004 2983 et
1022 2907 1199 3006 ingenium
1215 2906 1258 2980 de
1277 2906 1390 2981 aliena

374 3041 524 3139 quadam
542 3042 710 3116 amatoria
722 3041 839 3117 fabula
853 3050 1072 3118 exercentem
1092 3040 1251 3127 ostendit,
1272 3048 1385 3138 poste·

374 3177 445 3251 rior
460 3198 541 3251 vero
552 3199 670 3252 amore
686 3176 891 3277 flagrantem
906 3178 1056 3274 puellam
1074 3175 1247 3250 incondito
1265 3174 1388 3271 saepius

373 3310 432 3385 sed
451 3310 665 3386 inflammato
684 3334 782 3388 versu
803 3335 922 3388 seusus
940 3311 1095 3410 proprios
1119 3308 1384 3405 exprimentem.

375 3446 536 3519 Carnrina
556 3446 600 3520 ab
621 3447 766 3544 septimo
786 3445 956 3545 usquead
977 3445 1237 3532 duodecimum,
1259 3443 1387 3517 scilicet

374 3601 453 3652 vere
471 3581 648 3655 arrratoriee
674 3581 841 3676 epistolae,
868 3587 978 3676 poetae
999 3579 1072 3653 sine
1093 3577 1199 3652 dubio
1224 3575 1388 3650 mandata

374 3720 466 3805 sunt,
485 3713 543 3811 qui
558 3736 616 3788 ces
630 3712 790 3790 liberiore
815 3713 1039 3812 explicatione
1061 3713 1306 3810 interpretatus
1320 3717 1382 3802 est,

412 3952 436 4005 l.
458 3950 493 4019 ll,
509 3950 536 4018 t,
550 3951 576 4006 5.

412 4039 439 4096 2.
461 4039 495 4109 ll,
513 4040 540 4112 2,
554 4041 580 4110 9,
596 4058 670 4118 sqq,
682 4041 725 4112 ll,
739 4059 801 4118 sqq.
