3117 5042
802 521 979 593 -qq-

382 692 492 791 magis
508 691 693 768 artificium
711 717 815 793 quam
827 695 996 792 poeticam
1017 698 1167 774 indolem
1182 708 1341 792 testatur,
1354 726 1395 778 ac
1543 748 1546 805 1

384 827 468 903 rude
487 827 676 925 praesertim
697 835 731 903 et
752 829 855 926 plane
873 830 1083 930 imperitum.
1108 836 1252 934 legenti
1278 836 1394 912 vidore
1544 820 1545 831 ἵ

381 962 516 1037 videtur
539 943 703 1061 juvenem
726 962 928 1060 quemdam,
947 966 1002 1041 vix
1022 990 1042 1042 c
1061 969 1241 1044 rhetorum
1255 969 1404 1096 officinq

382 1119 570 1191 egressum,
596 1097 685 1173 vires
701 1099 937 1195 experientem
967 1124 1032 1177 noc
1061 1103 1302 1180 imbecillitatis
1323 1129 1395 1180 suae
1544 1126 1546 1207 l

381 1233 572 1309 conscium.
966 1304 977 1311 ,

333 1343 335 1347 ’
430 1370 545 1457 Quare
562 1367 666 1466 igitur
680 1369 780 1443 multi
796 1369 887 1444 inter
907 1369 1025 1446 doctos
1045 1371 1125 1447 illud
1141 1373 1290 1466 Tibullo,
1303 1374 1393 1450 volut

383 1511 478 1577 tanto
492 1503 565 1577 viro
580 1503 887 1602 planciudignum,
902 1504 1190 1603 abjudicaverunt
1205 1507 1396 1606 tironisque

383 1636 563 1735 cujusdam
579 1646 688 1734 poclm
705 1659 792 1734 opus
808 1661 881 1714 esse
900 1639 1164 1717 contenderunt.
1188 1645 1278 1717 Sunt
1292 1643 1393 1718 etiam

384 1771 444 1869 qui
464 1779 624 1846 censeant
646 1770 729 1845 illud
748 1793 888 1848 carmen
904 1773 949 1847 ab
961 1765 965 1772 ’
977 1774 1094 1874 ignoto
1111 1774 1262 1874 quodam
1281 1785 1395 1874 poste-

384 1905 484 1980 rioris
504 1904 613 1978 araus
627 1914 728 2002 poeta
746 1905 875 2004 ingenii
894 1909 1076 1983 exercendi
1097 1933 1198 1984 causa
1216 1913 1395 2008 conscrip-

384 2048 472 2115 tum.
558 2110 563 2118 .

433 2174 628 2272 Antequam
645 2198 767 2250 eorum
789 2177 969 2274 opiniones
983 2178 1217 2277 inspiciamus,
1229 2202 1342 2277 pauca
1355 2178 1397 2254 de

372 2311 458 2408 'ipso
491 2318 649 2407 poenrate
686 2309 833 2386 dicenda
861 2320 955 2386 sunt.
991 2315 1025 2386 ln
1057 2336 1128 2410 quo
1158 2337 1212 2389 res
1238 2314 1286 2388 ita
1317 2322 1397 2389 sunt

385 2444 603 2522 distribulae:
966 2435 969 2439 ’

434 2580 544 2654 l-ll.
581 2580 715 2656 Laudes
739 2581 891 2656 Messalas
921 2604 1046 2657 cauere
1076 2605 1257 2682 aggressus
1278 2592 1395 2680 poeta,

385 2716 539 2814 primum
562 2716 689 2816 ingenii
710 2716 915 2792 tenuitatem
931 2725 1083 2792 excusat.
1102 2716 1171 2792 Sed
1186 2717 1331 2792 voluisse
1346 2726 1398 2792 sat

386 2850 478 2924 erit:
507 2850 552 2925 dii
574 2849 772 2924 mortalium
789 2873 935 2926 munera
950 2873 1018 2926 non
1039 2850 1214 2950 dedignati
1232 2859 1331 2946 sunt3
1351 2851 1398 2926 sic

388 3006 525 3081 quoque
547 2986 697 3060 Messalae
716 3008 841 3081 parvus
860 2984 957 3058 labor
977 2993 1096 3083 gratus
1118 2985 1197 3064 erit.

435 3117 570 3192 l8-27,
588 3120 683 3194 Alter
697 3143 773 3216 quae
788 3141 848 3194 scu
868 3118 901 3191 in
921 3119 1005 3193 caelo
1021 3119 1092 3194 sive
1114 3118 1149 3192 iu
1170 3118 1271 3193 terris
1292 3119 1398 3194 mira-

387 3253 501 3328 biliter
540 3253 698 3328 accidant
737 3252 929 3342 describat;
971 3252 1044 3351 ipse
1083 3275 1188 3328 omne
1218 3253 1398 3354 ingenium

387 3388 541 3464 Messalae
560 3398 674 3463 vovet.

437 3521 571 3596 nat-lo.
592 3523 710 3596 Primo
736 3521 841 3623 igitur
858 3521 1010 3595 Messalas
1036 3522 1147 3620 gentis
1168 3521 1304 3597 laudern
1326 3544 1400 3597 rnc-

388 3669 521 3745 morat;
544 3680 649 3756 quam
678 3679 761 3732 uero
789 3656 860 3754 ipso
890 3657 1032 3731 Messala
1061 3657 1209 3755 propriis
1240 3658 1400 3732 laudibus

389 3800 541 3889 superat.
570 3793 678 3865 Nemo
707 3791 760 3866 vel
793 3790 827 3863 in
865 3791 986 3865 castris
1013 3792 1066 3866 vel
1092 3792 1126 3864 in
1153 3791 1246 3866 loro¹
1267 3791 1400 3891 majora

390 3927 516 4020 gessit3
534 3926 627 4001 uelut
641 3926 742 4012 libra,
761 3933 908 4023 utraque
922 3925 1020 4002 lance
1029 3949 1143 4024 aequa,
1157 3948 1221 4023 par
1235 3925 1311 4023 ejus
1328 3926 1400 4000 laus

390 4071 441 4139 cst
457 4060 551 4136 domi
572 4061 786 4162 militiaque.
