3117 5042
558 578 736 648 ..77-

139 751 397 827 vilamomnem
412 758 570 828 ettotam
586 751 765 850 ingenium
784 752 818 826 iu
837 774 954 828 umore
969 750 1147 829 sentiendo

141 894 174 962 et
204 885 361 962 canendo
386 887 610 983 consumpsit.
651 887 726 961 Non
758 887 834 986 Jam
857 887 890 961 iu
921 887 975 961 his
1004 885 1085 960 lelix
1116 892 1152 962 et

141 1021 238 1095 lactus
261 1021 367 1096 beliac
387 1028 421 1097 et
443 1021 597 1097 Nemesis
620 1021 753 1096 amicus
778 1022 947 1112 cernitur,
972 1021 1030 1097 sed
1045 1021 1153 1096 horno

142 1155 274 1249 dolens,
304 1157 364 1254 qui
392 1156 544 1232 dolorem
572 1155 680 1256 diligit
703 1165 737 1232 et
764 1181 808 1233 ex
825 1179 866 1233 eu
882 1141 1153 1232 velutemarum

142 1291 432 1367 oblectamentum
462 1292 620 1390 percipit.
665 1291 779 1367 Animi
811 1292 900 1366 illius
929 1291 1081 1367 ardentis
1121 1300 1156 1368 et

144 1426 285 1525 ingenui
299 1450 406 1503 novus
421 1427 467 1501 ibi
482 1434 639 1524 aspectus
653 1427 820 1503 cernitur.

192 1563 343 1651 Quartus
355 1561 524 1662 igiturille
535 1562 635 1654 liber,
652 1561 713 1638 etsi
726 1562 816 1639 mele
824 1562 1018 1651 cohaerens,
1032 1559 1158 1637 ceteris

146 1696 270 1772 Tibulli
301 1697 465 1796 operibus
495 1697 619 1796 sepius
653 1721 772 1797 aequus
810 1705 860 1772 est
893 1696 951 1770 illu
981 1693 1184 1786 interdum

146 1842 304 1930 superat3
324 1856 391 1932 quo
405 1832 553 1926 sublato,
570 1856 650 1931 pars
662 1832 789 1908 eximie
807 1839 918 1929 poclm
932 1828 1159 1928 uobisiguote

148 1966 203 2041 sit.
221 1967 389 2043 Plurimus
408 1991 490 2068 ergo
514 1976 781 2066 gratesugamos
795 1964 911 2064 ignoto
924 1963 1045 2040 editori
1058 1961 1159 2061 cujus

149 2110 242 2179 teoto
258 2102 431 2180 beneficio
448 2102 586 2202 obligati
602 2126 732 2176 sumus.

601 2456 704 2507 FlNlS

409 2858 477 2924 Vidi
492 2878 526 2923 ac
541 2858 664 2942 perlegi,

231 3003 354 3066 Lutetiae
377 3002 572 3082 Parisiorum,
588 3002 619 3064 in
636 3001 782 3081 Sorbona,

251 3167 281 3211 a.
297 3148 326 3210 d.
343 3147 383 3212 lv
398 3148 465 3210 idus
480 3167 547 3228 aug.
564 3167 636 3211 ann.
651 3146 919 3224 Mocactxlltlm

152 3301 330 3365 Facultates
341 3302 539 3366 Litterarum
555 3302 590 3365 ia
604 3300 778 3364 Academia
793 3299 970 3363 Parisiausi
982 3300 1139 3378 Daunus,

452 3453 488 3516 A.
516 3451 643 3517 HlllLY.

692 3714 781 3797 l'ypis
794 3711 967 3791 mandetur,

515 3884 694 3948 Acuaemtu
709 3884 902 3948 Purisiaasis
916 3883 1044 3961 Rectus,

768 4012 934 4092 anenno.
