3117 5042
617 631 800 704 --aa-
916 602 919 609 ’

201 802 301 878 thum
326 801 573 918 insectabatur;
603 811 809 900 poetaram
835 803 951 878 subtili
970 802 1215 906 et'diligenter

201 945 393 1035 temperata
421 960 526 1012 manu
551 936 675 1013 uitium
699 937 782 1012 illud
805 945 930 1014 tractat
963 939 1057 1037 qund
1083 941 1213 1038 puellm

204 1071 344 1146 insitum
360 1069 464 1147 fuisse
478 1071 638 1148 videtur:

285 1312 364 1376 Pone
377 1319 501 1392 metum,
516 1313 657 1378 Cerinthe
671 1333 680 1375 ε
695 1313 769 1378 deus
783 1333 843 1396 nen
855 1315 938 1378 laedit
949 1321 1094 1378 amantea.

328 1412 373 1476 ite
386 1413 475 1475 mode
490 1430 610 1493 semper
623 1430 696 1477 eme
707 1431 717 1474 .·
727 1413 808 1476 salva
820 1413 920 1495 puella
933 1412 988 1476 tibi
1002 1421 1058 1476 est.

286 1509 332 1572 Nil
349 1528 425 1592 opus
440 1517 485 1572 est
499 1509 570 1572 ssetu
588 1531 595 1573 :
612 1502 742 1573 lacrimis
756 1510 813 1573 erit
825 1511 921 1593 aptius
933 1512 989 1589 uti,

326 1607 489 1690 Siquando
504 1607 595 1671 suerit
605 1608 717 1671 tristior
732 1609 786 1692 illa
798 1608 880 1674 ubit
998 1667 1001 1672 .
1016 1665 1023 1677 .

254 1833 401 1907 Carmen
416 1831 459 1908 de
474 1832 578 1908 natali
593 1831 649 1908 dia
666 1833 836 1923 Corinthi,
853 1831 945 1931 quod
961 1832 1126 1931 sequitur,
1142 1855 1219 1908 ma-
1310 1802 1313 1809 ⁴

208 1965 261 2064 gis
283 1974 387 2064 atque
411 1966 523 2064 magis
546 1965 726 2042 ardentem
751 1989 909 2042 amarem
937 1965 1101 2064 Sulpieiae
1118 1966 1220 2064 ipsius

207 2098 378 2198 loquentis
392 2099 560 2188 ostendit:

289 2341 345 2415 Qui
359 2341 433 2427 mihi
448 2349 489 2419 te,
505 2339 657 2419 Cerintbe,
674 2341 738 2402 dies
754 2339 849 2418 dedit,
862 2340 911 2402 hie
924 2339 997 2404 mihi
1013 2347 1132 2415 sanetus

326 2439 422 2522 Atque
438 2439 517 2501 inter
528 2439 618 2502 testes
631 2436 913 2520 semperhahendns
928 2438 996 2501 erit.

287 2537 328 2601 'ie
343 2545 484 2601 nascente
500 2556 608 2600 nouum
624 2538 727 2601 Pareae
741 2536 878 2600 cecinere
890 2537 1001 2619 puellis

328 2635 487 2702 Servitium
502 2643 530 2699 et
545 2635 692 2699 dederunt
705 2653 799 2716 regna
812 2634 942 2719 superba
953 2634 1018 2700 tibi.

289 2733 366 2798 Uror
378 2754 432 2815 ege
447 2742 514 2797 ante
529 2734 603 2797 alias
614 2735 714 2814 :juvat
725 2733 795 2813 hee,
804 2732 1046 2816 Cerinthe,qund
1059 2753 1142 2814 uror,

329 2833 360 2898 Si
376 2831 428 2897 tibi
445 2832 582 2896 danobis
596 2839 717 2895 mutuus
733 2831 810 2911 ignis
825 2831 918 2894 adest.

206 2965 209 2970 ·
291 2929 409 2994 Mutuus
424 2930 501 2994 adsit
515 2949 609 3009 amor,
626 2949 680 3013 per
693 2937 722 2993 te
738 2929 914 2993 dulcissima
928 2929 1008 2994 furta

329 3029 444 3111 Perque
459 3037 526 3094 tuns
541 3029 643 3092 oeulos
657 3047 711 3111 per
722 3028 912 3109 Geniumque
926 3030 1025 3111 rogat

260 3237 350 3312 Sunt
368 3235 483 3312 adhuc
495 3235 669 3334 quaedam,
689 3235 857 3332 exquisite
874 3233 979 3326 dieta,
1001 3258 1080 3333 quae
1098 3237 1223 3334 pueltae

212 3371 416 3469 imaginem,
432 3369 525 3468 qued
546 3369 591 3445 ad
609 3367 764 3444 invidum
782 3368 937 3443 animum
958 3369 1093 3461 attinet,
1116 3371 1221 3470 perti-

212 3505 329 3581 aiunt:
1135 3525 1138 3529 ’

293 3736 397 3817 Magne
412 3734 499 3814 Geni,
516 3753 588 3818 cape
602 3742 669 3797 tura
682 3732 780 3796 libens
793 3734 927 3815 votisque
943 3741 1038 3812 aveto,

335 3835 366 3900 Si
381 3835 482 3911 modo,
497 3852 564 3896 eum
579 3833 615 3896 de
630 3851 678 3893 me
697 3831 817 3912 cogitat,
834 3831 884 3894 ille
898 3830 985 3895 calet.

255 4087 279 4142 t.
299 4083 344 4153 ru,
360 4085 388 4153 e,
402 4085 446 4152 aa,
463 4101 503 4158 sq.

252 4173 279 4230 a
303 4172 390 4243 rna,
405 4175 432 4241 t,
447 4190 488 4246 sq.

340 4273 499 4311 LABROUMET.
