3117 5042
795 607 973 676 ..14-

378 781 412 855 in
427 779 604 857 sententiis
619 786 653 856 et
669 780 702 853 in
716 788 789 855 arte
802 777 994 876 explicandi
1010 779 1205 876 progressio
1217 777 1308 854 lacta
1322 790 1385 856 est.

379 917 455 989 lam
472 921 615 1011 apparet
638 914 793 990 sincerus
816 920 850 987 et
869 910 1043 1009 ingenuus
1057 911 1114 986 ille
1138 935 1237 989 amor
1252 911 1312 1011 qui
1331 915 1389 988 Ti·

379 1050 471 1124 bullo
497 1048 657 1147 proprius
676 1055 710 1122 et
734 1047 918 1146 peculiaris
942 1055 1006 1139 est,
1027 1055 1062 1121 et
1085 1047 1159 1145 qui,
1188 1049 1251 1122 etsi
1276 1050 1327 1123 bis
1351 1051 1385 1123 in

376 1184 593 1283 poematibus
626 1206 646 1259 e
683 1181 778 1258 fmda
806 1190 841 1257 et
872 1181 1021 1258 nefanda
1046 1181 1209 1279 cupidine
1240 1185 1386 1276 oriatur,

377 1319 490 1396 tlebile
505 1319 620 1394 nescio
632 1317 716 1416 quid
735 1326 769 1392 et
784 1317 911 1392 ardeus
925 1327 960 1392 et
971 1339 1076 1392 suave
1090 1318 1197 1416 spirat
1211 1342 1389 1419 maguam·

376 1478 445 1552 quo
460 1453 715 1528 miserationem
736 1460 861 1528 movet.
879 1453 1043 1527 Carmina
1060 1475 1142 1528 vero
1161 1452 1204 1528 de
1222 1454 1333 1542 Delia,
1353 1455 1386 1528 in

379 1608 487 1663 uuum
503 1598 634 1677 coacta,
660 1609 837 1662 summum
856 1597 993 1686 poetam
1018 1587 1187 1687 hincjam
1214 1598 1386 1664 maturum

376 1731 413 1799 et
434 1721 557 1799 suimet
586 1721 692 1820 ipsius
713 1731 890 1820 potentem
917 1731 1088 1797 testantur
1096 1750 1106 1811 ;
1137 1745 1194 1797 ars
1218 1723 1249 1798 ei
1277 1723 1389 1822 maj0r

378 1881 451 1936 esse
470 1859 607 1956 poterit,
629 1880 696 1931 non
718 1857 830 1956 majus
851 1855 1055 1957 ingenium:
1076 1859 1225 1956 impetus
1244 1860 1383 1949 amoris,

379 1991 516 2068 dicendi
532 1991 637 2079 taces,
657 1991 746 2066 vices
768 1999 828 2066 aut
846 1991 973 2066 summi
993 1999 1027 2068 et
1047 1991 1180 2067 ovantis
1194 1993 1312 2092 gaudii
1330 2002 1389 2067 aut

378 2125 535 2202 demissae
557 2126 741 2216 moestitiae,
759 2126 908 2212 tristitia,
934 2127 1182 2203 sententiarum
1210 2137 1246 2204 et
1267 2131 1388 2204 verbo·

381 2285 459 2337 rum
477 2263 586 2361 lepor,
605 2261 774 2362 quidquid
794 2263 827 2335 in
851 2263 980 2339 erotico
999 2273 1102 2362 poeta
1125 2264 1390 2341 admirationem

380 2421 519 2474 mouere
538 2405 654 2496 queat,
672 2397 747 2497 jam
763 2396 796 2471 in
815 2397 869 2472 bis
883 2421 951 2474 non
976 2398 1068 2474 falsis
1086 2398 1241 2499 fictisque
1260 2401 1318 2476 sed
1335 2425 1391 2476 ve-

380 2535 426 2608 ris
445 2533 610 2610 eminent.
632 2533 733 2608 lllnm
748 2532 791 2608 ab
812 2533 884 2630 ipso
899 2542 1001 2632 poeta
1019 2534 1147 2609 librum
1166 2534 1299 2612 editum
1318 2559 1390 2612 esse

382 2675 416 2742 et
430 2667 547 2767 gloriae
562 2666 655 2766 apud
672 2669 822 2766 aequales
838 2691 904 2744 non
924 2670 1034 2744 solum
1061 2669 1195 2744 initium
1212 2670 1270 2745 sed
1287 2670 1390 2746 etiam

380 2799 477 2899 quasi
491 2800 754 2878 fundamentum
770 2802 871 2879 fuisse
884 2804 1067 2880 verisimile
1082 2814 1145 2880 est.

430 2937 596 3024 Quaedam
621 2937 813 3036 imperfecti
844 2940 956 3036 operis
981 2941 1079 3038 signa
1107 2940 1199 3015 haud
1230 2940 1335 3017 dubia
1358 2941 1390 3014 iu

382 3065 533 3145 secundo
552 3072 640 3146 libro
663 3081 864 3148 occurrunt.
896 3075 968 3149 Nou
988 3075 1081 3172 quod
1109 3076 1226 3151 multis
1250 3076 1283 3149 in
1311 3100 1391 3175 par-

382 3204 474 3279 tibus
492 3228 548 3280 ars
563 3208 675 3307 major
693 3209 833 3302 nonsit,
854 3209 912 3284 sed
929 3218 1038 3307 poete
1056 3220 1250 3287 extremum
1269 3234 1392 3310 perpe

387 3340 508 3416 liendis
522 3313 732 3418 carminibus
750 3342 905 3420 laborem
919 3344 1085 3421 adhibere
1107 3369 1175 3421 non
1191 3368 1391 3422 concessum

384 3483 447 3550 est.
478 3476 589 3564 Quem
608 3478 703 3552 enim
719 3478 861 3569 librum,
889 3487 926 3554 ut
954 3478 1101 3571 videtur,
1132 3483 1294 3558 extremis
1317 3462 1393 3556 vitae

382 3591 839 3710 'temporibus'oomposuin
884 3624 1027 3713 excepto
1056 3615 1178 3714 quinto
1212 3617 1391 3709 carmine,

385 3743 491 3839 quod,
521 3745 583 3818 etsi
603 3744 658 3820 alii
679 3747 817 3822 cuidam
835 3749 931 3846 operi
950 3750 1152 3838 conarere,
1179 3750 1213 3823 in
1231 3750 1394 3849 hocopus

378 3895 502 3990 *errore
526 3879 675 3976 quodam
705 3881 938 3980 colligentium
970 3883 1152 3959 admissum
1181 3893 1242 3959 est.
1271 3884 1395 3960 Verisi-

385 4009 466 4085 mile
484 4020 533 4086 est
553 4012 678 4087 librum
696 4015 793 4089 illum
818 4038 885 4091 non
906 4016 950 4091 ab
969 4019 1041 4115 ipso
1055 3995 1190 4093 Tibullo
1208 4017 1392 4094 formatum

386 4151 419 4217 et
439 4143 665 4237 editum-sed
684 4147 727 4222 ab
741 4149 862 4225 amicis
878 4160 954 4247 post
969 4161 1116 4228 mortem
1135 4161 1258 4251 poetae.
