3117 5042
766 586 944 656 49-

354 759 683 836 Annumerabantur
710 759 816 834 etiam
835 781 917 833 oum
938 761 1057 835 auctor
1090 759 1364 858 illius'poematii

354 895 448 996 quod
485 896 577 970 Ciris
607 893 805 967 inscribitur
839 893 1002 992 quodque
1032 893 1117 969 lalso
1153 893 1299 991 Virgilio
1330 894 1364 968 in

355 1030 517 1128 operibus
548 1027 787 1118 attribuitur¹,
816 1035 886 1102 tnm
917 1030 958 1102 P.
990 1027 1134 1104 Ovidius
1159 1030 1261 1116 Naso,
1290 1037 1364 1103 tum

355 1164 551 1264 Lygdamus
585 1163 655 1254 ille,
685 1161 728 1237 de
755 1184 826 1260 quo
856 1162 1144 1260 supradiximus,
1175 1163 1274 1238 multi
1293 1163 1366 1238 sino

355 1299 459 1374 dubio
473 1298 530 1373 alii
553 1319 701 1394 quornm
719 1297 861 1372 nomina
876 1305 1018 1394 propter
1032 1298 1159 1396 ingenii
1172 1307 1208 1373 et
1220 1319 1365 1395 operum

286 1475 288 1480 ·
357 1433 558 1510 tenuitatem
577 1431 620 1506 ad
636 1453 697 1505 nos
719 1453 788 1506 nou
805 1440 1050 1529 pervenerunt.

403 1569 476 1642 lloc
495 1567 530 1640 in
546 1574 637 1640 coetu
659 1565 814 1640 Tibullus
832 1566 929 1640 solito
945 1588 1168 1641 rontanorum
1185 1574 1365 1664 poetarum

355 1701 501 1800 Augusti
528 1700 741 1798 temporibus
771 1723 868 1776 more
900 1701 1056 1775 carmina
1085 1701 1204 1792 edidit,
1238 1701 1367 1776 scilicet

358 1836 453 1934 prius
481 1835 601 1909 amieis
632 1836 667 1908 in
700 1835 822 1910 intimo
841 1844 875 1910 et
893 1836 1038 1912 arctiore
1062 1836 1220 1928 concilio,
1241 1845 1316 1933 post
1332 1836 1365 1908 in

357 1969 591 2068 frequentiore
610 1970 779 2045 auditorio
801 1970 970 2061 recitavit,
996 1971 1138 2046 collecta
1155 1970 1307 2068 denique
1326 1971 1368 2045 li-

357 2104 480 2178 brariis
498 2102 638 2178 tradidit
657 2114 695 2178 ut
713 2115 999 2202 proponerentur.

406 2241 512 2315 Poeta
530 2238 602 2336 ipse
622 2239 776 2337 primum
803 2240 1044 2315 tantummodo
1058 2263 1203 2338 operum
1223 2241 1365 2333 librum,

357 2382 397 2450 ut
415 2373 577 2465 diximus,
598 2373 716 2464 edidit,
738 2382 786 2465 et,
811 2383 885 2471 post
911 2373 987 2472 ejus
1007 2383 1164 2462 mortem,
1187 2375 1368 2473 quidame

357 2517 465 2600 coelu,
482 2509 621 2582 Messala
640 2507 788 2597 fautore,
811 2516 848 2582 ut
870 2508 1015 2583 Haasius
1034 2509 1263 2607 suspicatnr²,
1284 2533 1368 2584 car-

357 2644 452 2718 mina
476 2641 592 2716 adbuc
616 2642 745 2717 inedita
771 2642 907 2743 collegit
934 2651 969 2718 et
996 2643 1194 2741 publicavit.
1222 2645 1366 2719 Certum

356 2776 498 2876 quidem
524 2775 663 2851 editoris
696 2799 822 2851 nomeu
847 2776 954 2853 affere
973 2801 1041 2852 uon
1065 2800 1264 2876 possumns;
1293 2780 1367 2855 vioe

357 2935 419 2986 sna
438 2911 478 2984 F.
511 2909 698 2984 llankelius
723 2910 940 3009 Lygdamum
973 2912 1085 3011 ipsum
1112 2913 1197 2987 illud
1227 2914 1368 2989 editoris

359 3067 483 3119 munus
501 3045 688 3141 suscepisse
701 3044 881 3144 conjicit³.
904 3046 1080 3144 Quidquid
1093 3055 1157 3140 est,
1177 3071 1246 3124 noa
1262 3049 1368 3124 multa

357 3203 441 3255 cura
468 3202 539 3255 rem
567 3179 677 3255 editor
702 3178 847 3277 perfecit
875 3203 988 3279 neque
1014 3182 1177 3256 carminis
1199 3184 1368 3282 cujusque

357 3313 463 3390 fidem
486 3315 695 3414 recognovit.
714 3315 820 3388 Multa
839 3313 914 3390 sina
932 3314 1037 3389 dubio
1054 3339 1134 3413 quae
1152 3315 1280 3391 Tibulli
1298 3341 1366 3393 non

357 3457 469 3538 erarrt,
493 3491 539 3503 -
555 3448 645 3524 inter
672 3471 764 3547 qum,
790 3448 818 3522 si
842 3446 929 3523 torto
946 3449 1102 3524 llankelii
1130 3452 1366 3550 conjecturam

357 3583 581 3680 accipiamus,
612 3605 727 3658 versus
752 3607 773 3656 a
799 3582 1002 3680 semetipso
1024 3584 1191 3676 conditos,
1217 3593 1252 3661 et
1282 3595 1368 3684 quos

356 3717 495 3815 proprio
507 3717 756 3792 nomineedere
768 3719 822 3793 vel
837 3741 906 3793 nou
919 3718 1071 3795 audebat
1084 3720 1137 3796 rel
1153 3721 1305 3811 nolebat,
1318 3762 1366 3776 -

393 3969 419 4022 l.
438 3965 476 4021 lle
492 3965 566 4033 utri,
586 3965 640 4023 rid.
655 3967 767 4037 Teuffel,
778 3967 840 4036 230,
855 3968 882 4036 5,
899 3969 925 4038 2,
937 3969 1063 4026 translat.
1074 3968 1177 4042 gall.,t.
1189 3971 1224 4038 ll,
1234 3988 1261 4047 p.
1274 3970 1364 4030 lo-tl.

391 4055 418 4111 b.
438 4054 551 4112 Annal.
569 4056 635 4113 crit.
648 4057 755 4125 Berol,
766 4073 792 4112 a.
808 4058 923 4132 l837,p.
936 4059 980 4115 3t.

391 4143 421 4200 3.
439 4146 479 4202 Dc
490 4145 664 4218 panegyrico
676 4147 707 4204 in
720 4148 872 4207 Messalam
887 4147 1053 4217 tibulliano,
1068 4165 1094 4221 p.
1110 4149 1155 4205 27.
