<?xml version="1.0" encoding="UTF-8"?>
<!DOCTYPE html PUBLIC "-//W3C//DTD XHTML 1.0 Transitional//EN"
    "http://www.w3.org/TR/xhtml1/DTD/xhtml1-transitional.dtd">
<html xmlns="http://www.w3.org/1999/xhtml" xml:lang="en" lang="en">
 <head>
  <title>
</title>
<meta http-equiv="Content-Type" content="text/html;charset=utf-8" />
  <meta name='ocr-system' content='tesseract 3.04.00' />
  <meta name='ocr-capabilities' content='ocr_page ocr_carea ocr_par ocr_line ocrx_word'/>
</head>
<body>
  <div class='ocr_page' id='page_1' title='image "./dequartotibulli00unkngoog_0074.png"; bbox 0 0 3117 5042; ppageno 0'>
   <div class='ocr_carea' id='block_1_1' title="bbox 806 575 985 651">
    <p class='ocr_par' dir='ltr' id='par_1_1' title="bbox 806 575 985 651">
     <span class='ocr_line' id='line_1_1' title="bbox 806 575 985 651; baseline -0.006 -16"><span class='ocrx_word' id='word_1_1' title='bbox 806 575 985 651; x_wconf 62' lang='lat'>...62-</span> 
     </span>
    </p>
   </div>
   <div class='ocr_carea' id='block_1_2' title="bbox 464 747 1242 946">
    <p class='ocr_par' dir='ltr' id='par_1_2' title="bbox 464 747 1242 946">
     <span class='ocr_line' id='line_1_2' title="bbox 464 747 1210 833; baseline -0.003 -19"><span class='ocrx_word' id='word_1_2' title='bbox 464 751 502 815; x_wconf 82' lang='lat' dir='ltr'><strong>At</strong></span> <span class='ocrx_word' id='word_1_3' title='bbox 514 747 589 815; x_wconf 76' lang='lat' dir='ltr'><strong>mini</strong></span> <span class='ocrx_word' id='word_1_4' title='bbox 602 750 679 833; x_wconf 82' lang='lat' dir='ltr'><strong>quid</strong></span> <span class='ocrx_word' id='word_1_5' title='bbox 690 750 785 833; x_wconf 79' lang='lat' dir='ltr'>prosit</span> <span class='ocrx_word' id='word_1_6' title='bbox 799 751 921 815; x_wconf 82' lang='lat' dir='ltr'><strong>morbos</strong></span> <span class='ocrx_word' id='word_1_7' title='bbox 934 751 1081 828; x_wconf 80' lang='lat' dir='ltr'><strong>euincere,</strong></span> <span class='ocrx_word' id='word_1_8' title='bbox 1094 767 1164 814; x_wconf 86' lang='lat' dir='ltr'><strong>oum</strong></span> <span class='ocrx_word' id='word_1_9' title='bbox 1177 757 1210 812; x_wconf 91' lang='lat' dir='ltr'><strong>tu</strong></span> 
     </span>
     <span class='ocr_line' id='line_1_3' title="bbox 505 847 1242 946; baseline -0.005 -33"><span class='ocrx_word' id='word_1_10' title='bbox 505 850 613 913; x_wconf 91' lang='lat' dir='ltr'><strong>Nostra</strong></span> <span class='ocrx_word' id='word_1_11' title='bbox 624 857 707 932; x_wconf 88' lang='lat' dir='ltr'><strong>potes</strong></span> <span class='ocrx_word' id='word_1_12' title='bbox 722 849 803 912; x_wconf 91' lang='lat' dir='ltr'><strong>lento</strong></span> <span class='ocrx_word' id='word_1_13' title='bbox 815 855 935 931; x_wconf 75' lang='lat' dir='ltr'>pectore</span> <span class='ocrx_word' id='word_1_14' title='bbox 949 848 1028 911; x_wconf 84' lang='lat' dir='ltr'><strong>terre</strong></span> <span class='ocrx_word' id='word_1_15' title='bbox 1044 847 1158 911; x_wconf 62' lang='lat' dir='ltr'><strong>matut</strong></span> <span class='ocrx_word' id='word_1_16' title='bbox 1238 940 1242 946; x_wconf 26' lang='grc' dir='ltr'>Ι</span> 
     </span>
    </p>
   </div>
   <div class='ocr_carea' id='block_1_3' title="bbox 383 1000 1396 1506">
    <p class='ocr_par' dir='ltr' id='par_1_3' title="bbox 383 1000 1396 1506">
     <span class='ocr_line' id='line_1_4' title="bbox 433 1000 1396 1099; baseline -0.002 -21"><span class='ocrx_word' id='word_1_17' title='bbox 433 1007 598 1078; x_wconf 80' lang='lat' dir='ltr'><strong>Amorem</strong></span> <span class='ocrx_word' id='word_1_18' title='bbox 623 1001 749 1078; x_wconf 90' lang='lat' dir='ltr'><strong>deinde</strong></span> <span class='ocrx_word' id='word_1_19' title='bbox 773 1001 921 1077; x_wconf 90' lang='lat' dir='ltr'><strong>vidimus</strong></span> <span class='ocrx_word' id='word_1_20' title='bbox 948 1023 1086 1099; x_wconf 83' lang='lat' dir='ltr'><strong>semper</strong></span> <span class='ocrx_word' id='word_1_21' title='bbox 1112 1000 1308 1092; x_wconf 76' lang='lat' dir='ltr'><strong>ardentem,</strong></span> <span class='ocrx_word' id='word_1_22' title='bbox 1334 1002 1396 1076; x_wconf 90' lang='lat' dir='ltr'><strong>sed</strong></span> 
     </span>
     <span class='ocr_line' id='line_1_5' title="bbox 385 1135 1396 1235; baseline -0.002 -23"><span class='ocrx_word' id='word_1_23' title='bbox 385 1137 539 1235; x_wconf 90' lang='lat' dir='ltr'><strong>quietum</strong></span> <span class='ocrx_word' id='word_1_24' title='bbox 555 1143 589 1212; x_wconf 90' lang='lat' dir='ltr'><strong>et</strong></span> <span class='ocrx_word' id='word_1_25' title='bbox 603 1136 790 1234; x_wconf 87' lang='lat' dir='ltr'><strong>expletum.</strong></span> <span class='ocrx_word' id='word_1_26' title='bbox 811 1135 936 1211; x_wconf 86' lang='lat' dir='ltr'><strong>Fidum</strong></span> <span class='ocrx_word' id='word_1_27' title='bbox 951 1143 986 1212; x_wconf 91' lang='lat' dir='ltr'><strong>et</strong></span> <span class='ocrx_word' id='word_1_28' title='bbox 1004 1135 1193 1211; x_wconf 83' lang='lat' dir='ltr'><strong>obnoxium</strong></span> <span class='ocrx_word' id='word_1_29' title='bbox 1212 1135 1396 1211; x_wconf 74' lang='lat' dir='ltr'><strong>Corinthus</strong></span> 
     </span>
     <span class='ocr_line' id='line_1_6' title="bbox 383 1268 1396 1370; baseline -0.004 -22"><span class='ocrx_word' id='word_1_30' title='bbox 383 1296 418 1348; x_wconf 90' lang='lat' dir='ltr'><strong>se</strong></span> <span class='ocrx_word' id='word_1_31' title='bbox 431 1271 595 1370; x_wconf 75' lang='lat' dir='ltr'><strong>praebuit,</strong></span> <span class='ocrx_word' id='word_1_32' title='bbox 610 1270 724 1369; x_wconf 88' lang='lat' dir='ltr'><strong>puella</strong></span> <span class='ocrx_word' id='word_1_33' title='bbox 737 1269 842 1370; x_wconf 77' lang='lat' dir='ltr'><strong>igitur</strong></span> <span class='ocrx_word' id='word_1_34' title='bbox 855 1268 929 1346; x_wconf 91' lang='lat' dir='ltr'><strong>sine</strong></span> <span class='ocrx_word' id='word_1_35' title='bbox 942 1268 1139 1347; x_wconf 86' lang='lat' dir='ltr'><strong>offensionis</strong></span> <span class='ocrx_word' id='word_1_36' title='bbox 1152 1269 1277 1345; x_wconf 89' lang='lat' dir='ltr'><strong>timore</strong></span> <span class='ocrx_word' id='word_1_37' title='bbox 1294 1292 1396 1345; x_wconf 83' lang='lat' dir='ltr'><strong>exeu-</strong></span> 
     </span>
     <span class='ocr_line' id='line_1_7' title="bbox 384 1405 1394 1506; baseline -0.003 -24"><span class='ocrx_word' id='word_1_38' title='bbox 384 1416 478 1482; x_wconf 88' lang='lat' dir='ltr'><strong>satur</strong></span> <span class='ocrx_word' id='word_1_39' title='bbox 496 1405 587 1504; x_wconf 92' lang='lat' dir='ltr'><strong>quod</strong></span> <span class='ocrx_word' id='word_1_40' title='bbox 614 1429 708 1506; x_wconf 77' lang='lat' dir='ltr'><strong>aegra</strong></span> <span class='ocrx_word' id='word_1_41' title='bbox 736 1414 911 1484; x_wconf 85' lang='lat' dir='ltr'><strong>amantem</strong></span> <span class='ocrx_word' id='word_1_42' title='bbox 935 1405 1050 1504; x_wconf 85' lang='lat' dir='ltr'><strong>priore</strong></span> <span class='ocrx_word' id='word_1_43' title='bbox 1069 1413 1168 1484; x_wconf 87' lang='lat' dir='ltr'><strong>noete</strong></span> <span class='ocrx_word' id='word_1_44' title='bbox 1193 1427 1264 1480; x_wconf 90' lang='lat' dir='ltr'><strong>non</strong></span> <span class='ocrx_word' id='word_1_45' title='bbox 1286 1427 1394 1481; x_wconf 82' lang='lat' dir='ltr'><strong>euoe-</strong></span> 
     </span>
    </p>
   </div>
   <div class='ocr_carea' id='block_1_4' title="bbox 383 1542 502 1639">
    <p class='ocr_par' dir='ltr' id='par_1_4' title="bbox 383 1542 502 1639">
     <span class='ocr_line' id='line_1_8' title="bbox 383 1542 502 1639; baseline 0.017 -24"><span class='ocrx_word' id='word_1_46' title='bbox 383 1542 471 1639; x_wconf 88' lang='lat' dir='ltr'><strong>perit</strong></span> <span class='ocrx_word' id='word_1_47' title='bbox 492 1567 502 1617; x_wconf 79' lang='lat' dir='ltr'><strong>t</strong></span> 
     </span>
    </p>
   </div>
   <div class='ocr_carea' id='block_1_5' title="bbox 362 1710 1240 2285">
    <p class='ocr_par' dir='ltr' id='par_1_5' title="bbox 362 1710 1240 2285">
     <span class='ocr_line' id='line_1_9' title="bbox 397 1710 1240 1792; baseline -0.002 -18"><span class='ocrx_word' id='word_1_48' title='bbox 397 1733 403 1740; x_wconf 59' lang='lat'>¹</span> <span class='ocrx_word' id='word_1_49' title='bbox 463 1712 509 1776; x_wconf 86' lang='lat' dir='ltr'><strong>Ne</strong></span> <span class='ocrx_word' id='word_1_50' title='bbox 516 1711 572 1775; x_wconf 90' lang='lat' dir='ltr'><strong>tihi</strong></span> <span class='ocrx_word' id='word_1_51' title='bbox 584 1710 656 1790; x_wconf 92' lang='lat' dir='ltr'><strong>sim,</strong></span> <span class='ocrx_word' id='word_1_52' title='bbox 668 1711 811 1788; x_wconf 83' lang='lat' dir='ltr'><strong>moalux,</strong></span> <span class='ocrx_word' id='word_1_53' title='bbox 824 1728 909 1792; x_wconf 78' lang='lat' dir='ltr'><strong>aeque</strong></span> <span class='ocrx_word' id='word_1_54' title='bbox 920 1711 983 1791; x_wconf 86' lang='lat' dir='ltr'><strong>jam</strong></span> <span class='ocrx_word' id='word_1_55' title='bbox 1000 1710 1114 1773; x_wconf 83' lang='lat' dir='ltr'><strong>fervida</strong></span> <span class='ocrx_word' id='word_1_56' title='bbox 1129 1727 1218 1789; x_wconf 89' lang='lat' dir='ltr'><strong>eura,</strong></span> <span class='ocrx_word' id='word_1_57' title='bbox 1237 1735 1240 1738; x_wconf 47' lang='lat'><strong>&gt;</strong></span> 
     </span>
     <span class='ocr_line' id='line_1_10' title="bbox 505 1808 1076 1892; baseline -0.004 -18"><span class='ocrx_word' id='word_1_58' title='bbox 505 1811 548 1874; x_wconf 82' lang='lat' dir='ltr'><strong>Ae</strong></span> <span class='ocrx_word' id='word_1_59' title='bbox 562 1811 666 1874; x_wconf 79' lang='lat' dir='ltr'><strong>uideor</strong></span> <span class='ocrx_word' id='word_1_60' title='bbox 681 1828 794 1892; x_wconf 86' lang='lat' dir='ltr'><strong>paucos</strong></span> <span class='ocrx_word' id='word_1_61' title='bbox 807 1817 878 1872; x_wconf 86' lang='lat' dir='ltr'><strong>ante</strong></span> <span class='ocrx_word' id='word_1_62' title='bbox 891 1808 985 1872; x_wconf 87' lang='lat' dir='ltr'><strong>luisse</strong></span> <span class='ocrx_word' id='word_1_63' title='bbox 998 1809 1076 1887; x_wconf 88' lang='lat' dir='ltr'><strong>dies,</strong></span> 
     </span>
     <span class='ocr_line' id='line_1_11' title="bbox 464 1906 1140 1990; baseline -0.004 -18"><span class='ocrx_word' id='word_1_64' title='bbox 464 1906 496 1972; x_wconf 91' lang='lat' dir='ltr'><strong>Si</strong></span> <span class='ocrx_word' id='word_1_65' title='bbox 510 1909 672 1990; x_wconf 86' lang='lat' dir='ltr'><strong>quidquam</strong></span> <span class='ocrx_word' id='word_1_66' title='bbox 688 1914 748 1970; x_wconf 87' lang='lat' dir='ltr'><strong>tota</strong></span> <span class='ocrx_word' id='word_1_67' title='bbox 763 1906 899 1970; x_wconf 87' lang='lat' dir='ltr'><strong>commisi</strong></span> <span class='ocrx_word' id='word_1_68' title='bbox 912 1906 1001 1969; x_wconf 88' lang='lat' dir='ltr'><strong>stulta</strong></span> <span class='ocrx_word' id='word_1_69' title='bbox 1009 1907 1140 1988; x_wconf 76' lang='lat' dir='ltr'><strong>juventa,</strong></span> 
     </span>
     <span class='ocr_line' id='line_1_12' title="bbox 473 2005 1073 2087; baseline -0.002 -19"><span class='ocrx_word' id='word_1_70' title='bbox 473 2035 475 2042; x_wconf 33' lang='lat'>⁸</span> <span class='ocrx_word' id='word_1_71' title='bbox 501 2005 593 2087; x_wconf 83' lang='lat' dir='ltr'><strong>Cujus</strong></span> <span class='ocrx_word' id='word_1_72' title='bbox 608 2025 656 2070; x_wconf 87' lang='lat' dir='ltr'><strong>me</strong></span> <span class='ocrx_word' id='word_1_73' title='bbox 669 2006 765 2070; x_wconf 80' lang='lat' dir='ltr'><strong>fatear</strong></span> <span class='ocrx_word' id='word_1_74' title='bbox 779 2007 955 2087; x_wconf 88' lang='lat' dir='ltr'><strong>poenituisse</strong></span> <span class='ocrx_word' id='word_1_75' title='bbox 969 2005 1073 2085; x_wconf 85' lang='lat' dir='ltr'><strong>magis,</strong></span> 
     </span>
     <span class='ocr_line' id='line_1_13' title="bbox 362 2103 1180 2187; baseline -0.004 -18"><span class='ocrx_word' id='word_1_76' title='bbox 362 2123 364 2130; x_wconf 84' lang='grc'><strong>’</strong></span> <span class='ocrx_word' id='word_1_77' title='bbox 463 2106 608 2169; x_wconf 89' lang='lat' dir='ltr'><strong>Hesterna</strong></span> <span class='ocrx_word' id='word_1_78' title='bbox 620 2125 709 2186; x_wconf 88' lang='lat' dir='ltr'><strong>quam</strong></span> <span class='ocrx_word' id='word_1_79' title='bbox 723 2111 750 2167; x_wconf 91' lang='lat' dir='ltr'><strong>te</strong></span> <span class='ocrx_word' id='word_1_80' title='bbox 768 2104 865 2167; x_wconf 91' lang='lat' dir='ltr'><strong>solum</strong></span> <span class='ocrx_word' id='word_1_81' title='bbox 880 2104 958 2187; x_wconf 90' lang='lat' dir='ltr'><strong>quod</strong></span> <span class='ocrx_word' id='word_1_82' title='bbox 971 2112 1056 2167; x_wconf 88' lang='lat' dir='ltr'><strong>noete</strong></span> <span class='ocrx_word' id='word_1_83' title='bbox 1071 2103 1180 2185; x_wconf 88' lang='lat' dir='ltr'><strong>reliqui</strong></span> 
     </span>
     <span class='ocr_line' id='line_1_14' title="bbox 502 2202 1141 2285; baseline -0.008 -16"><span class='ocrx_word' id='word_1_84' title='bbox 502 2203 650 2270; x_wconf 84' lang='lat' dir='ltr'><strong>Ardorem</strong></span> <span class='ocrx_word' id='word_1_85' title='bbox 665 2205 791 2285; x_wconf 84' lang='lat' dir='ltr'><strong>cupiens</strong></span> <span class='ocrx_word' id='word_1_86' title='bbox 806 2202 996 2266; x_wconf 87' lang='lat' dir='ltr'><strong>dissimulare</strong></span> <span class='ocrx_word' id='word_1_87' title='bbox 1012 2202 1141 2267; x_wconf 73' lang='lat' dir='ltr'><strong>meum2.</strong></span> 
     </span>
    </p>
   </div>
   <div class='ocr_carea' id='block_1_6' title="bbox 429 2373 1395 2471">
    <p class='ocr_par' dir='ltr' id='par_1_6' title="bbox 429 2373 1395 2471">
     <span class='ocr_line' id='line_1_15' title="bbox 429 2373 1395 2471; baseline 0.001 -23"><span class='ocrx_word' id='word_1_88' title='bbox 429 2373 503 2449; x_wconf 84' lang='lat' dir='ltr'><strong>Tali</strong></span> <span class='ocrx_word' id='word_1_89' title='bbox 524 2375 626 2449; x_wconf 91' lang='lat' dir='ltr'><strong>modo</strong></span> <span class='ocrx_word' id='word_1_90' title='bbox 645 2396 800 2449; x_wconf 89' lang='lat' dir='ltr'><strong>amorem</strong></span> <span class='ocrx_word' id='word_1_91' title='bbox 819 2397 901 2450; x_wconf 86' lang='lat' dir='ltr'><strong>sane</strong></span> <span class='ocrx_word' id='word_1_92' title='bbox 915 2373 1010 2449; x_wconf 87' lang='lat' dir='ltr'><strong>haud</strong></span> <span class='ocrx_word' id='word_1_93' title='bbox 1031 2375 1206 2471; x_wconf 83' lang='lat' dir='ltr'><strong>vulgarem</strong></span> <span class='ocrx_word' id='word_1_94' title='bbox 1226 2382 1261 2450; x_wconf 86' lang='lat' dir='ltr'><strong>et</strong></span> <span class='ocrx_word' id='word_1_95' title='bbox 1276 2398 1395 2451; x_wconf 89' lang='lat' dir='ltr'><strong>seusus</strong></span> 
     </span>
    </p>
   </div>
   <div class='ocr_carea' id='block_1_7' title="bbox 382 2508 1506 2609">
    <p class='ocr_par' dir='ltr' id='par_1_7' title="bbox 382 2508 1506 2609">
     <span class='ocr_line' id='line_1_16' title="bbox 382 2508 1506 2609; baseline 0.002 -27"><span class='ocrx_word' id='word_1_96' title='bbox 382 2509 549 2609; x_wconf 81' lang='lat' dir='ltr'><strong>ingenuos</strong></span> <span class='ocrx_word' id='word_1_97' title='bbox 572 2508 697 2584; x_wconf 84' lang='lat' dir='ltr'><strong>ardens</strong></span> <span class='ocrx_word' id='word_1_98' title='bbox 719 2509 777 2584; x_wconf 89' lang='lat' dir='ltr'><strong>ille</strong></span> <span class='ocrx_word' id='word_1_99' title='bbox 800 2518 835 2584; x_wconf 85' lang='lat' dir='ltr'><strong>et</strong></span> <span class='ocrx_word' id='word_1_100' title='bbox 860 2531 940 2584; x_wconf 87' lang='lat' dir='ltr'><strong>acer</strong></span> <span class='ocrx_word' id='word_1_101' title='bbox 961 2509 1097 2584; x_wconf 88' lang='lat' dir='ltr'><strong>animus</strong></span> <span class='ocrx_word' id='word_1_102' title='bbox 1116 2508 1292 2607; x_wconf 82' lang='lat' dir='ltr'><strong>patefacit.</strong></span> <span class='ocrx_word' id='word_1_103' title='bbox 1319 2512 1394 2586; x_wconf 90' lang='lat' dir='ltr'><strong>Non</strong></span> <span class='ocrx_word' id='word_1_104' title='bbox 1503 2540 1506 2548; x_wconf 91' lang='lat'>·</span> 
     </span>
    </p>
   </div>
   <div class='ocr_carea' id='block_1_8' title="bbox 380 2643 1420 3682">
    <p class='ocr_par' dir='ltr' id='par_1_8' title="bbox 380 2643 1420 3682">
     <span class='ocr_line' id='line_1_17' title="bbox 382 2643 1394 2742; baseline 0.001 -25"><span class='ocrx_word' id='word_1_105' title='bbox 382 2644 490 2717; x_wconf 90' lang='lat' dir='ltr'><strong>multa</strong></span> <span class='ocrx_word' id='word_1_106' title='bbox 512 2643 651 2741; x_wconf 85' lang='lat' dir='ltr'><strong>quidem</strong></span> <span class='ocrx_word' id='word_1_107' title='bbox 690 2652 770 2718; x_wconf 94' lang='lat' dir='ltr'><strong>sunt</strong></span> <span class='ocrx_word' id='word_1_108' title='bbox 801 2644 974 2730; x_wconf 84' lang='lat' dir='ltr'><strong>earmina,</strong></span> <span class='ocrx_word' id='word_1_109' title='bbox 1005 2643 1063 2719; x_wconf 88' lang='lat' dir='ltr'><strong>sed</strong></span> <span class='ocrx_word' id='word_1_110' title='bbox 1102 2652 1265 2742; x_wconf 81' lang='lat' dir='ltr'><strong>quantam</strong></span> <span class='ocrx_word' id='word_1_111' title='bbox 1295 2645 1394 2722; x_wconf 90' lang='lat' dir='ltr'><strong>uobis</strong></span> 
     </span>
     <span class='ocr_line' id='line_1_18' title="bbox 381 2777 1395 2877; baseline 0.004 -27"><span class='ocrx_word' id='word_1_112' title='bbox 381 2777 491 2852; x_wconf 89' lang='lat' dir='ltr'><strong>lueem</strong></span> <span class='ocrx_word' id='word_1_113' title='bbox 523 2777 680 2875; x_wconf 85' lang='lat' dir='ltr'><strong>praebent</strong></span> <span class='ocrx_word' id='word_1_114' title='bbox 708 2777 752 2852; x_wconf 88' lang='lat' dir='ltr'><strong>ad</strong></span> <span class='ocrx_word' id='word_1_115' title='bbox 781 2778 1036 2877; x_wconf 80' lang='lat' dir='ltr'><strong>cognoscendos</strong></span> <span class='ocrx_word' id='word_1_116' title='bbox 1070 2778 1129 2876; x_wconf 85' lang='lat' dir='ltr'><strong>qui</strong></span> <span class='ocrx_word' id='word_1_117' title='bbox 1161 2785 1243 2854; x_wconf 86' lang='lat' dir='ltr'><strong>tune</strong></span> <span class='ocrx_word' id='word_1_118' title='bbox 1273 2781 1395 2854; x_wconf 87' lang='lat' dir='ltr'><strong>Romae</strong></span> 
     </span>
     <span class='ocr_line' id='line_1_19' title="bbox 382 2911 1395 3013; baseline 0.004 -28"><span class='ocrx_word' id='word_1_119' title='bbox 382 2911 542 3010; x_wconf 84' lang='lat' dir='ltr'><strong>vigebant</strong></span> <span class='ocrx_word' id='word_1_120' title='bbox 560 2933 673 2986; x_wconf 76' lang='lat' dir='ltr'><strong>utores</strong></span> <span class='ocrx_word' id='word_1_121' title='bbox 699 2920 733 2987; x_wconf 91' lang='lat' dir='ltr'><strong>et</strong></span> <span class='ocrx_word' id='word_1_122' title='bbox 750 2911 918 2988; x_wconf 89' lang='lat' dir='ltr'><strong>muliebre</strong></span> <span class='ocrx_word' id='word_1_123' title='bbox 941 2913 1117 3013; x_wconf 84' lang='lat' dir='ltr'><strong>ingenium</strong></span> <span class='ocrx_word' id='word_1_124' title='bbox 1134 2914 1268 3010; x_wconf 86' lang='lat' dir='ltr'><strong>ponitus</strong></span> <span class='ocrx_word' id='word_1_125' title='bbox 1289 2914 1395 2989; x_wconf 83' lang='lat' dir='ltr'><strong>intro-</strong></span> 
     </span>
     <span class='ocr_line' id='line_1_20' title="bbox 380 3029 1420 3147; baseline 0.007 -30"><span class='ocrx_word' id='word_1_126' title='bbox 380 3045 619 3142; x_wconf 81' lang='lat' dir='ltr'><strong>spiciendumt&#39;</strong></span> <span class='ocrx_word' id='word_1_127' title='bbox 643 3047 763 3144; x_wconf 86' lang='lat' dir='ltr'><strong>quanti</strong></span> <span class='ocrx_word' id='word_1_128' title='bbox 792 3046 897 3147; x_wconf 75' lang='lat' dir='ltr'><strong>pretii,</strong></span> <span class='ocrx_word' id='word_1_129' title='bbox 917 3046 984 3123; x_wconf 90' lang='lat' dir='ltr'><strong>tala</strong></span> <span class='ocrx_word' id='word_1_130' title='bbox 1010 3046 1273 3138; x_wconf 84' lang='lat' dir='ltr'><strong>documentum,</strong></span> <span class='ocrx_word' id='word_1_131' title='bbox 1303 3029 1420 3125; x_wconf 52' lang='lat' dir='ltr'><strong>lelioi&#39;</strong></span> 
     </span>
     <span class='ocr_line' id='line_1_21' title="bbox 381 3159 1396 3277; baseline 0.004 -24"><span class='ocrx_word' id='word_1_132' title='bbox 381 3178 533 3277; x_wconf 88' lang='lat' dir='ltr'><strong>quodam</strong></span> <span class='ocrx_word' id='word_1_133' title='bbox 549 3159 698 3254; x_wconf 83' lang='lat' dir='ltr'><strong>furtunae</strong></span> <span class='ocrx_word' id='word_1_134' title='bbox 717 3203 800 3255; x_wconf 86' lang='lat' dir='ltr'><strong>oasu</strong></span> <span class='ocrx_word' id='word_1_135' title='bbox 817 3179 914 3255; x_wconf 91' lang='lat' dir='ltr'><strong>nohis</strong></span> <span class='ocrx_word' id='word_1_136' title='bbox 937 3186 1132 3257; x_wconf 78' lang='lat' dir='ltr'><strong>servatum!</strong></span> <span class='ocrx_word' id='word_1_137' title='bbox 1159 3185 1274 3258; x_wconf 85' lang='lat' dir='ltr'><strong>Poetae</strong></span> <span class='ocrx_word' id='word_1_138' title='bbox 1296 3184 1396 3258; x_wconf 89' lang='lat' dir='ltr'><strong>enim</strong></span> 
     </span>
     <span class='ocr_line' id='line_1_22' title="bbox 382 3313 1394 3414; baseline 0.003 -26"><span class='ocrx_word' id='word_1_139' title='bbox 382 3321 416 3388; x_wconf 85' lang='lat' dir='ltr'><strong>et</strong></span> <span class='ocrx_word' id='word_1_140' title='bbox 431 3313 636 3412; x_wconf 88' lang='lat' dir='ltr'><strong>philosophi,</strong></span> <span class='ocrx_word' id='word_1_141' title='bbox 658 3322 952 3414; x_wconf 77' lang='lat' dir='ltr'><strong>quantaecumque</strong></span> <span class='ocrx_word' id='word_1_142' title='bbox 976 3324 1058 3390; x_wconf 87' lang='lat' dir='ltr'><strong>sunt</strong></span> <span class='ocrx_word' id='word_1_143' title='bbox 1082 3313 1314 3393; x_wconf 66' lang='lat' dir='ltr'><strong>facultatas&#39;et</strong></span> <span class='ocrx_word' id='word_1_144' title='bbox 1338 3340 1394 3392; x_wconf 89' lang='lat' dir='ltr'><strong>ars</strong></span> 
     </span>
     <span class='ocr_line' id='line_1_23' title="bbox 382 3445 1394 3549; baseline 0.005 -29"><span class='ocrx_word' id='word_1_145' title='bbox 382 3447 417 3521; x_wconf 93' lang='lat' dir='ltr'><strong>in</strong></span> <span class='ocrx_word' id='word_1_146' title='bbox 439 3447 643 3546; x_wconf 80' lang='lat' dir='ltr'><strong>detegendis</strong></span> <span class='ocrx_word' id='word_1_147' title='bbox 657 3445 802 3524; x_wconf 89' lang='lat' dir='ltr'><strong>humani</strong></span> <span class='ocrx_word' id='word_1_148' title='bbox 818 3448 931 3525; x_wconf 88' lang='lat' dir='ltr'><strong>animi</strong></span> <span class='ocrx_word' id='word_1_149' title='bbox 954 3449 1105 3542; x_wconf 86' lang='lat' dir='ltr'><strong>latebris,</strong></span> <span class='ocrx_word' id='word_1_150' title='bbox 1128 3450 1252 3548; x_wconf 82' lang='lat' dir='ltr'><strong>saepius</strong></span> <span class='ocrx_word' id='word_1_151' title='bbox 1266 3452 1394 3549; x_wconf 87' lang='lat' dir='ltr'><strong>ampli-</strong></span> 
     </span>
     <span class='ocr_line' id='line_1_24' title="bbox 381 3579 1394 3682; baseline 0.005 -29"><span class='ocrx_word' id='word_1_152' title='bbox 381 3579 518 3656; x_wconf 84' lang='lat' dir='ltr'><strong>ficando</strong></span> <span class='ocrx_word' id='word_1_153' title='bbox 536 3590 571 3656; x_wconf 87' lang='lat' dir='ltr'><strong>et</strong></span> <span class='ocrx_word' id='word_1_154' title='bbox 584 3581 752 3672; x_wconf 86' lang='lat' dir='ltr'><strong>ornando,</strong></span> <span class='ocrx_word' id='word_1_155' title='bbox 774 3605 845 3681; x_wconf 90' lang='lat' dir='ltr'><strong>quo</strong></span> <span class='ocrx_word' id='word_1_156' title='bbox 860 3584 970 3682; x_wconf 82' lang='lat' dir='ltr'><strong>magis</strong></span> <span class='ocrx_word' id='word_1_157' title='bbox 987 3585 1160 3682; x_wconf 85' lang='lat' dir='ltr'><strong>legentem</strong></span> <span class='ocrx_word' id='word_1_158' title='bbox 1180 3593 1347 3674; x_wconf 84' lang='lat' dir='ltr'><strong>moveant</strong></span> <span class='ocrx_word' id='word_1_159' title='bbox 1360 3593 1394 3661; x_wconf 92' lang='lat' dir='ltr'><strong>et</strong></span> 
     </span>
    </p>
   </div>
   <div class='ocr_carea' id='block_1_9' title="bbox 381 3713 1396 3943">
    <p class='ocr_par' dir='ltr' id='par_1_9' title="bbox 381 3713 1396 3943">
     <span class='ocr_line' id='line_1_25' title="bbox 381 3713 1394 3816; baseline 0.007 -28"><span class='ocrx_word' id='word_1_160' title='bbox 381 3714 434 3788; x_wconf 91' lang='lat' dir='ltr'><strong>sui</strong></span> <span class='ocrx_word' id='word_1_161' title='bbox 450 3713 711 3788; x_wconf 84' lang='lat' dir='ltr'><strong>admirationem</strong></span> <span class='ocrx_word' id='word_1_162' title='bbox 726 3715 891 3806; x_wconf 82' lang='lat' dir='ltr'><strong>efficiant,</strong></span> <span class='ocrx_word' id='word_1_163' title='bbox 905 3739 960 3792; x_wconf 89' lang='lat' dir='ltr'><strong>res</strong></span> <span class='ocrx_word' id='word_1_164' title='bbox 971 3716 1180 3816; x_wconf 86' lang='lat' dir='ltr'><strong>adulterant.</strong></span> <span class='ocrx_word' id='word_1_165' title='bbox 1197 3719 1262 3793; x_wconf 87' lang='lat' dir='ltr'><strong>llio</strong></span> <span class='ocrx_word' id='word_1_166' title='bbox 1273 3727 1394 3795; x_wconf 86' lang='lat' dir='ltr'><strong>eontra</strong></span> 
     </span>
     <span class='ocr_line' id='line_1_26' title="bbox 382 3833 1396 3943; baseline 0.007 -31"><span class='ocrx_word' id='word_1_167' title='bbox 382 3860 437 3912; x_wconf 86' lang='lat' dir='ltr'><strong>ars</strong></span> <span class='ocrx_word' id='word_1_168' title='bbox 464 3833 566 3937; x_wconf 90' lang='lat' dir='ltr'><strong>plane</strong></span> <span class='ocrx_word' id='word_1_169' title='bbox 595 3839 692 3914; x_wconf 89' lang='lat' dir='ltr'><strong>abest</strong></span> <span class='ocrx_word' id='word_1_170' title='bbox 720 3848 755 3916; x_wconf 87' lang='lat' dir='ltr'><strong>et</strong></span> <span class='ocrx_word' id='word_1_171' title='bbox 787 3843 965 3918; x_wconf 86' lang='lat' dir='ltr'><strong>sententiae</strong></span> <span class='ocrx_word' id='word_1_172' title='bbox 999 3842 1073 3919; x_wconf 90' lang='lat' dir='ltr'><strong>sine</strong></span> <span class='ocrx_word' id='word_1_173' title='bbox 1101 3842 1180 3919; x_wconf 87' lang='lat' dir='ltr'><strong>luen</strong></span> <span class='ocrx_word' id='word_1_174' title='bbox 1208 3844 1328 3943; x_wconf 88' lang='lat' dir='ltr'><strong>quales</strong></span> <span class='ocrx_word' id='word_1_175' title='bbox 1353 3867 1396 3919; x_wconf 83' lang='lat' dir='ltr'><strong>ex</strong></span> 
     </span>
    </p>
   </div>
   <div class='ocr_carea' id='block_1_10' title="bbox 418 4042 568 4196">
    <p class='ocr_par' dir='ltr' id='par_1_10' title="bbox 418 4042 568 4196">
     <span class='ocr_line' id='line_1_27' title="bbox 418 4042 568 4112; baseline 0 -15"><span class='ocrx_word' id='word_1_176' title='bbox 418 4043 443 4097; x_wconf 86' lang='lat'><strong>1.</strong></span> <span class='ocrx_word' id='word_1_177' title='bbox 464 4042 507 4112; x_wconf 83' lang='lat' dir='ltr'><strong>iv,</strong></span> <span class='ocrx_word' id='word_1_178' title='bbox 526 4044 568 4099; x_wconf 87' lang='lat' dir='ltr'><strong>n.</strong></span> 
     </span>
     <span class='ocr_line' id='line_1_28' title="bbox 418 4130 568 4196; baseline 0 -10"><span class='ocrx_word' id='word_1_179' title='bbox 418 4132 444 4187; x_wconf 79' lang='lat' dir='ltr'><strong>a.</strong></span> <span class='ocrx_word' id='word_1_180' title='bbox 465 4130 510 4196; x_wconf 81' lang='lat' dir='ltr'><strong>iv,</strong></span> <span class='ocrx_word' id='word_1_181' title='bbox 525 4131 568 4187; x_wconf 78' lang='lat' dir='ltr'><strong>ra.</strong></span> 
     </span>
    </p>
   </div>
   <div class='ocr_carea' id='block_1_11' title="bbox 0 0 1564 5042">
    <p class='ocr_par' dir='ltr' id='par_1_11' title="bbox 0 0 1564 5042">
     <span class='ocr_line' id='line_1_29' title="bbox 0 0 1564 5042; baseline 0 1"><span class='ocrx_word' id='word_1_182' title='bbox 0 0 1564 5042; x_wconf 95' lang='lat' dir='ltr'><strong> </strong></span> 
     </span>
    </p>
   </div>
  </div>
 </body>
</html>
