3117 5042
622 509 853 601 -ar-=

199 680 394 756 dundantes
407 679 591 776 scripserit,
611 679 826 755 verecundus
846 681 889 754 sit
907 681 962 756 ille
982 681 1136 756 Tibullus
1154 682 1213 778 qui

202 815 338 890 divitias
362 837 499 912 semper
523 814 741 912 contempsit.
767 815 990 915 Herlzbergio
1010 816 1216 893 Hankelius¹

201 949 375 1047 aptissime
389 947 531 1046 opponit
548 947 641 1022 aliud
659 970 731 1023 esse
747 957 882 1023 tantum
899 949 1028 1025 habere
1045 959 1213 1049 quantum

201 1081 242 1157 ad
276 1082 382 1157 vitam
410 1079 603 1179 degendam
634 1081 796 1172 sufficiat,
830 1082 924 1159 aliud
954 1082 1083 1161 habere
1110 1084 1213 1159 nihil.

200 1219 364 1292 Falemur
379 1216 413 1290 in
429 1215 500 1291 line
515 1215 678 1290 carminis
690 1221 701 1256 ²
713 1239 813 1315 aeque
827 1216 1012 1294 desiderari
1028 1218 1213 1318 judicium,

198 1349 342 1426 modum
363 1358 397 1425 el
411 1350 519 1426 animi
536 1350 642 1425 robur
649 1377 658 1439 ;
675 1351 793 1425 omnia
807 1351 864 1426 illa
881 1353 1046 1427 animalia
1067 1375 1214 1452 quorum

200 1485 361 1578 formam,
380 1493 418 1560 ut
429 1487 476 1560 ita
488 1485 614 1578 dicam,
631 1495 729 1584 poeta
742 1487 915 1584 antecapit
930 1487 1028 1563 nobis
1040 1487 1214 1562 fastidium

200 1628 351 1697 movenl.
385 1621 467 1712 Sed,
499 1620 545 1694 ibi
572 1620 740 1713 Tibullus,
764 1632 800 1695 ut
821 1621 1006 1696 Teuffelius
1029 1622 1215 1697 rectissimo

200 1754 476 1846 animadvertit³‚
516 1753 701 1830 immodice
745 1755 852 1829 utitur
894 1756 1025 1832 ratione
1061 1756 1214 1854 quadam

199 1913 318 1966 sensus
335 1889 550 1988 exprimendi
565 1912 670 1986 quam
685 1889 871 1987 saepissime
889 1889 1068 1980 adhibuit;
1086 1891 1214 1976 scilicet

199 2024 231 2099 ei
246 2023 382 2099 solitum
398 2023 624 2122 cogitationes
638 2047 716 2121 quae
733 2047 802 2099 non
818 2047 918 2098 sensu
932 2024 992 2099 sed
1005 2032 1120 2100 mente
1137 2047 1214 2099 cer·

200 2165 329 2232 nuntur
358 2157 531 2255 corporeis
555 2158 748 2233 simulacris
777 2158 1008 2256 interpretari.
1037 2159 1151 2233 Multis
1177 2165 1212 2231 in
1322 2239 1324 2242 .

199 2291 283 2367 locis
301 2293 498 2367 carminum
523 2292 623 2391 ejus⁴
640 2293 810 2368 rationem
832 2292 924 2366 illam
939 2314 1038 2390 aeque
1057 2291 1210 2366 insolen-

197 2434 267 2501 tem
284 2425 555 2524 elinjucundam
566 2426 826 2524 deprehendere
840 2436 904 2504 est.

246 2563 296 2635 De
316 2584 379 2635 usu
398 2561 576 2651 doctrinae,
600 2561 727 2636 scilicet
751 2573 915 2637 zonarum
936 2562 1164 2660 descriptione
1177 2570 1212 2638 el

198 2695 323 2794 Ulyssis
341 2695 548 2782 erroribus⁵‚
571 2717 640 2770 non
662 2718 749 2792 opus
771 2705 823 2770 est
847 2705 887 2771 ul
914 2705 1053 2794 poetam
1077 2697 1211 2772 adoles

198 2831 320 2905 centia
330 2831 548 2906 excusatione
562 2829 801 2906 defendamus.
820 2831 974 2907 Tibullus
987 2833 1093 2923 enim,
1111 2842 1212 2930 post-

197 2987 299 3062 quam
323 2963 357 3038 in
385 2964 525 3063 ingenio
546 2973 582 3040 et
599 2965 633 3038 in
655 2972 729 3040 arte
748 2988 946 3064 progressus
972 2978 1034 3053 est,
1059 2967 1210 3042 studium

198 3099 280 3174 illud
297 3121 367 3174 non
378 3099 547 3196 deposuit.
571 3100 796 3174 Perlustranli
809 3101 902 3175 enim
923 3100 1118 3174 tibulliauas
1137 3102 1208 3176 ele·

197 3232 268 3331 gius
288 3233 451 3330 permulti
471 3233 535 3309 loci
554 3244 723 3331 apparent
739 3234 775 3306 in
793 3233 917 3331 quibus
937 3233 1091 3308 fabulam
1109 3244 1209 3332 poeta

234 3570 258 3624 1.
278 3569 320 3626 Dc
330 3571 506 3642 panepyrico
520 3571 551 3626 ln
564 3573 643 3630 Mars.
661 3570 769 3639 tibull„
785 3587 812 3644 p.
831 3569 872 3625 19.

232 3659 258 3712 2.
375 3663 421 3713 Seu
437 3668 532 3714 matura
548 3664 601 3714 dies
618 3666 726 3715 celerem
737 3669 852 3727 properat
868 3664 927 3714 milri
943 3667 1048 3714 mortem

375 3735 456 3800 Longa
470 3735 523 3785 dies
536 3750 636 3788 seu.....
652 3734 721 3802 (etc,
734 3737 783 3787 vid.
799 3750 881 3800 snpra,
893 3750 918 3799 p.
934 3732 989 3801 32.)

232 3837 257 3893 3.
279 3837 362 3894 Stud.
378 3838 439 3895 und
456 3838 607 3906 oluerunt,
621 3857 648 3912 p.
665 3839 729 3896 35l.

232 3927 258 3980 1.
281 3925 387 3994 df.1,1
405 3934 432 3982 et
447 3927 496 3995 103
510 3928 545 3996 ll,
561 3931 573 3983 1
589 3936 618 3984 et
631 3928 657 3997 3,
671 3928 703 3998 11,
720 3928 747 3985 1.

233 4013 258 4068 5.
280 4013 302 4082 1,
320 4013 437 4082 aaa-81
452 4034 459 4084 3
477 4015 605 4072 tan-176.
670 4089 673 4095 .
