3117 5042
598 615 776 686 ..13-

174 790 267 866 dolet
284 797 318 864 et
339 787 477 886 placare
507 785 751 884 Persephonen
783 793 938 862 eonamr.
955 788 1106 874 Quartus
1124 785 1191 861 de·-

174 926 294 1022 nique,
307 923 406 1022 longe
427 920 721 1020 productissimus,
741 920 1003 1020 quatuordeeim
1034 920 1191 995 carmina

176 1058 341 1150 continet,
369 1078 517 1154 qnorum
536 1055 687 1152 primum
705 1055 857 1128 Messana
875 1054 1106 1154 panegyricus
1124 1063 1187 1128 est.

175 1194 357 1282 Octavum,
380 1213 525 1280 nonum,
551 1187 744 1278 decimum,
769 1188 1005 1278 undecimum,
1027 1186 1194 1262 duodeci-

177 1350 275 1399 mnm
305 1324 465 1421 Sulpicia
492 1331 526 1398 et
554 1323 711 1398 Corinthi
745 1344 881 1397 amores
902 1330 1081 1397 enarrant.
1106 1323 1193 1410 Quae

179 1459 338 1535 carmina
371 1481 440 1532 non
464 1481 485 1531 a
512 1457 646 1532 Tibullo
674 1455 733 1530 sed
753 1456 891 1554 abipsa
913 1456 1089 1555 Sulpicia,
1116 1479 1195 1532 mea

179 1593 321 1692 quidem
341 1591 524 1681 sententia,
544 1590 671 1688 scripta
687 1598 780 1664 suni.
797 1590 953 1665 Tibullus
973 1589 1064 1666 idem
1086 1613 1195 1689 argn-
1231 1589 1234 1594 “

180 1735 336 1802 mentum
370 1725 443 1801 vice
475 1749 539 1799 sua
566 1724 708 1822 suseipn
740 1723 837 1800 etin
877 1723 1043 1816 seeundo,
1077 1725 1192 1815 tertio,

181 1870 317 1960 quarto,
334 1861 469 1958 quinto,
491 1867 585 1938 sexto
604 1858 819 1956 septimoque
835 1858 995 1957 explieat.
1022 1858 1083 1932 His
1099 1859 1196 1957 adji-

182 1994 343 2070 ciendum
366 2003 417 2068 esi
443 1993 532 2067 ieriii
558 1991 635 2066 libri
657 2015 797 2067 carmen
822 1993 1015 2067 seeundum
1037 1992 1128 2091 quod
1158 1993 1194 2066 in

182 2128 301 2203 eadem
320 2126 464 2202 materia
478 2135 633 2201 versatur
654 2134 688 2200 et
709 2126 911 2200 amatoriam
933 2127 1024 2201 illam
1043 2125 1195 2200 fabulam

183 2262 370 2336 oonoludil.
398 2259 729 2336 Tertinmdeoimum
760 2261 909 2357 denique
943 2269 977 2336 et
1015 2268 1194 2359 quartum-

78 2387 81 2394 ’
183 2396 358 2471 decimum
382 2403 564 2470 versantur
584 2395 618 2467 in
650 2417 769 2469 amore
801 2402 909 2491 poeiae
935 2416 1020 2492 erga
1046 2396 1196 2492 puellam

179 2501 283 2628 enjus
311 2552 435 2603 nomen
461 2552 529 2603 non
550 2527 746 2627 proierlur3
769 2551 848 2626 quae
870 2551 951 2602 vero
973 2529 1118 2628 Glycera
1140 2529 1197 2604 ilia

185 2661 288 2738 inisse
303 2671 415 2760 potest
429 2685 535 2760 qnam
549 2663 709 2736 Horatius
724 2685 745 2736 a
761 2672 864 2760 poeta
878 2672 1029 2738 amatam
1045 2687 1119 2739 esse
1134 2687 1196 2738 nos

185 2795 285 2872 docet
301 2805 336 2872 et
360 2797 402 2872 de
421 2820 491 2894 qua
512 2797 546 2870 in
573 2797 667 2870 nullo
687 2797 754 2871 alio
779 2776 886 2872 totins
906 2798 1020 2896 operis
1043 2799 1196 2874 carmine

186 2931 396 3005 mentionem
412 2930 576 3006 invenias.

233 3063 337 3138 Liber
354 3065 487 3163 primus
505 3087 592 3163 opus
612 3074 662 3140 est
684 3088 751 3141 non
771 3067 913 3140 maximi
933 3067 1048 3142 adhuc
1066 3078 1192 3166 poetae,

186 3197 245 3273 sed
264 3198 494 3296 megnamsni
512 3199 638 3273 eximia
653 3223 712 3296 spe
728 3202 855 3273 summi
876 3201 1004 3299 ingenii
1024 3212 1198 3300 exspecta·

186 3331 317 3406 tionem
340 3332 507 3408 facientis.
531 3333 678 3407 Carmen
699 3333 741 3406 de
760 3334 903 3407 Messala
916 3333 1102 3410 mediocris·
1116 3338 1198 3438 artis

188 3475 332 3540 estnon
364 3474 515 3558 naiurae3
546 3466 686 3564 spiritus
715 3475 825 3564 poetae
849 3467 949 3540 nimis
975 3478 1141 3566 angustus
1167 3479 1201 3547 et

187 3599 285 3696 quasi
298 3600 483 3688 anhelans;
500 3600 628 3674 nimios
641 3581 848 3674 iabniarium
865 3601 1086 3676 historiarum
1103 3629 1198 3698 nsns;

187 3730 333 3807 confusa
347 3733 557 3808 eidissolnta
574 3735 676 3818 totius
697 3735 862 3831 poematis
881 3737 1044 3812 condit-io.
1069 3742 1105 3812 in
1124 3763 1204 3815 oar-

188 3866 339 3941 minibus
353 3865 396 3943 de
414 3867 583 3958 maratho,
614 3868 676 3944 eisi
691 3866 817 3943 fabulis
840 3872 1054 3948 nuncetiam
1074 3861 1203 3951 redon.-

188 3999 283 4092 dent,
311 4001 374 4075 ioei
401 4023 603 4076 communes
628 4002 735 4077 nimio
760 4004 878 4099 plnres
900 4005 980 4098 sint,
1005 4008 1114 4082 multa
1142 4022 1203 4084 aut

191 4133 357 4208 incallida
375 4143 435 4208 aut
453 4135 661 4210 inoonoinna
680 4159 715 4210 se
735 4136 925 4232 praebeant‚
946 4162 1070 4238 magna
1089 4150 1203 4218 tamen
