3117 5042
318 592 382 677 Am
399 601 555 692 matrina,
578 601 736 699 quamuis
751 602 954 678 hexametro
972 626 1072 678 versu
1089 603 1329 703 panegyricus,

318 735 467 836 elegiaco
479 745 593 812 uetera
612 736 766 812 carmina
777 745 933 828 utantur,
950 737 984 811 in
1004 736 1058 810 his
1077 737 1158 812 etin
1172 737 1332 836 illoleges

319 869 458 946 easdem
471 869 640 969 sequitur,
658 871 705 946 ita
719 880 756 946 ut
771 873 812 946 L.
829 871 1025 947 Muellerius
1038 879 1130 948 reete
1141 869 1331 947 existimet¹

318 1006 560 1082 hexametrum
580 1005 731 1102 elegiaco
748 1033 765 1078 u
780 1004 906 1081 ducem
917 1015 951 1081 et
967 1005 1198 1104 magistrumn
1215 1003 1329 1081 tuisse.

321 1141 410 1215 Sunt
424 1139 572 1237 deniqne
581 1139 616 1212 in
628 1137 844 1240 'panegyrico
857 1139 953 1215 dotes
966 1139 1116 1216 maxime
1127 1139 1331 1229 tibulliauae,

321 1266 450 1350 scilieet
476 1295 622 1348 acumen
651 1272 827 1370 quoddam
848 1273 883 1348 in
919 1274 1101 1350 verborum
1136 1273 1272 1350 delectu
1301 1283 1334 1350 et

321 1413 579 1512 compositione
605 1413 746 1511 plastica
770 1413 932 1513 quandam
953 1415 989 1489 iu
1008 1414 1111 1490 rebus
1133 1413 1335 1514 effingendis

321 1546 488 1640 solertiai,
507 1571 586 1644 quaa
606 1548 760 1646 quidem,
783 1549 836 1624 vel
856 1550 890 1623 in
907 1549 1049 1624 minoris
1062 1548 1279 1648 pretiiloeis,
1296 1558 1334 1623 nt

320 1681 418 1757 librae
434 1682 485 1756 nel
497 1682 710 1758 diversarum
730 1683 822 1758 orbis
844 1684 1024 1783 plagarum
1044 1683 1238 1781 descriptio,
1265 1706 1334 1760 non

323 1825 373 1892 est
406 1817 671 1909 contemnenda,
708 1841 788 1892 nam
816 1817 936 1916 poeta,
967 1840 1047 1893 eum
1084 1818 1166 1892 antis
1195 1839 1336 1915 compos

323 1950 536 2042 fantasma,
564 1951 738 2027 solentiam
763 1953 923 2028 eamdem
947 1953 1058 2051 magis
1080 1961 1271 2051 temperate
1301 1960 1335 2027 et

322 2083 516 2161 felicissime
541 2085 728 2161 adhibebit.

370 2220 475 2295 Plane
492 2220 597 2320 igitur
623 2220 764 2296 inuentae
789 2244 862 2297 sese
884 2221 1052 2320 prebent,
1075 2229 1123 2312 et,
1149 2221 1193 2296 ad
1212 2219 1331 2314 tinem,

271 2441 274 2448 ,
322 2354 464 2430 omnino
481 2355 611 2430 eadunt
632 2355 733 2430 variae
768 2356 947 2453 opiniones
975 2379 1062 2454 quas
1085 2355 1176 2430 docti
1199 2355 1262 2429 nini
1291 2354 1334 2430 ad

322 2490 568 2589 panegyricum
589 2491 720 2566 incerto
743 2490 883 2566 auidam
910 2491 1043 2566 auctori
1060 2489 1335 2566 transferendum

322 2623 619 2722 excogitaverunt3
631 2648 695 2700 neo
709 2624 775 2700 ulla
788 2633 935 2724 estquae,
955 2625 982 2699 si
995 2625 1028 2698 iu
1042 2623 1275 2723 disquisitione
1287 2648 1336 2700 se-

323 2757 406 2831 dula
419 2766 582 2856 ponatur,
600 2759 744 2833 minime
757 2759 959 2857 accipienda
975 2782 1042 2834 non
1058 2759 1227 2834 videatur.
1246 2761 1336 2834 Sunt

322 2891 485 2967 contrain
500 2894 659 2968 eomulta
672 2894 831 2993 quaejam
843 2917 1010 2994 maguum
1026 2892 1182 2968 futurum
1197 2901 1334 2993 poetam

322 3025 528 3102 confirment
537 3054 546 3116 ;
567 3027 760 3103 suntetiam
772 3052 851 3125 quae
866 3051 948 3103 eum
961 3028 1216 3104 ueterisTibntli
1231 3028 1336 3126 ipsius

322 3163 484 3259 operibus
503 3163 714 3261 praeeipuam
724 3163 985 3239 similitudinem
995 3161 1188 3238 ostendant.
1200 3165 1332 3260 ltaque,

322 3298 540 3393 quantumin
563 3297 638 3372 loeo
656 3298 742 3374 adeo
754 3297 900 3390 difficit,
915 3298 1071 3372 Messalae
1088 3297 1334 3397 panegyricum

321 3430 453 3507 Tibullo
472 3432 696 3508 tribuendum
716 3432 927 3508 contendere
941 3433 1064 3506 ausim.

359 3672 383 3728 1.
404 3671 435 3726 ln
448 3670 513 3728 edit.
531 3671 592 3728 Tib.
617 3671 763 3744 Copiosam
783 3671 839 3728 vid.
855 3671 890 3729 da
902 3681 963 3730 ante
975 3674 1089 3731 metrica
1100 3673 1261 3749 panegyrici
1278 3673 1336 3730 dis·

321 3759 497 3834 quisitionem
512 3761 541 3816 in
555 3760 698 3829 Hankelio,
713 3779 740 3836 p.
757 3761 803 3831 30,
816 3780 878 3836 sqq.
1238 3768 1243 3776 “

356 3849 382 3905 2.
405 3849 445 3906 uf.
462 3849 576 3916 Teuffel,
591 3850 674 3908 stou.
688 3851 748 3907 und
763 3851 916 3921 Cdarnkt„
932 3871 958 3926 p.
975 3852 1038 3911 355.

696 4055 960 4073 ——·-.-
978 4070 981 4076 Ι
