3117 5042
783 651 960 724 ..35-

369 821 498 905 viribus
540 825 608 902 suis
648 824 864 902 diffidentem
907 825 1139 924 uentumque,
1192 826 1278 902 dum
1316 827 1380 902 sibi

369 963 516 1040 Messalae
564 961 712 1060 gratiam
758 960 943 1035 conciliare
990 959 1118 1052 studet,
1172 983 1217 1038 ne
1270 961 1378 1036 uinria

367 1097 493 1174 fiducia
535 1095 699 1172 offendat.
733 1098 851 1185 Quum
882 1101 995 1170 totum
1026 1118 1062 1169 se
1088 1095 1135 1168 illi
1163 1095 1197 1169 in
1224 1096 1380 1172 versibus

367 1230 536 1306 197100
559 1229 715 1306 deditum
734 1227 809 1304 fore
828 1228 994 1326 praedicit,
1019 1228 1164 1328 juvenili
1184 1253 1282 1307 more
1303 1252 1381 1328 pro·

367 1367 470 1441 rnissa
488 1372 688 1464 exaggerat,
711 1385 779 1439 nou
802 1384 901 1438 secus
924 1384 966 1438 ac
988 1363 1150 1461 Virgilius
1171 1373 1246 1460 post
1266 1365 1380 1463 prima

365 1500 533 1576 beneficia
557 1499 601 1575 ab
620 1498 806 1575 Octaviano
828 1505 970 1596 accepta
981 1499 1004 1572 ¹.
1021 1498 1114 1573 Talis
1127 1508 1202 1574 erat
1215 1500 1270 1575 bis
1289 1509 1378 1576 tenr-

367 1635 507 1734 poribus
518 1634 676 1709 omnium
688 1641 869 1730 poetarum
885 1631 1051 1708 modestia
1064 1642 1099 1709 et
1112 1633 1287 1709 humilitas
1296 1657 1379 1733 erga

365 1770 555 1868 principem
567 1778 601 1844 et
615 1775 784 1866 potenteS,
801 1788 866 1842 nec
879 1766 1022 1864 Virgilio
1036 1769 1178 1866 propria
1189 1768 1377 1868 judicanda

364 1913 425 1979 est.
444 1903 554 1979 Simili
573 1902 706 1976 ratione
736 1899 877 1974 «nimia
902 1900 1055 1975 adulatio
1074 1910 1109 1977 et
1128 1901 1244 2002 inepta
1268 1903 1379 1979 laudis

364 2036 621 2138 exaggeratio»
658 2034 853 2111 excusanda
878 2043 971 2109 sunt.
1001 2036 1205 2135 Panegyrioi
1231 2039 1377 2135 scriptor

363 2173 541 2249 veritatem
562 2170 594 2244 in
616 2169 757 2245 Messala
771 2168 980 2244 celebrando
1005 2177 1097 2246 certe
1122 2193 1277 2270 egressus
1301 2181 1351 2248 est
1362 2200 1372 2262 ;

363 2308 422 2384 sed
445 2306 562 2382 laudes
576 2303 734 2380 conferre
751 2302 950 2402 panegyrici
967 2303 1158 2402 proprium.
1175 2306 1280 2382 Plane
1291 2309 1377 2405 qui-

364 2440 444 2516 dem
459 2436 673 2537 congruebat
687 2459 767 2512 curn
782 2437 892 2512 atatis
906 2437 1154 2515 cousuetudine
1163 2462 1268 2536 quarn
1279 2442 1378 2518 Flac·

363 2598 436 2660 cus,
448 2572 621 2670 Virgilius,
638 2571 779 2649 Ovidius
805 2571 1071 2671 Propertiusque
1093 2558 1176 2673 erga
1193 2575 1375 2650 Octavium

363 2707 607 2805 sequebantur.
629 2704 872 2805 Hertzbergius
888 2703 901 2742 l
920 2704 995 2781 fieri
1009 2729 1108 2804 posse
1131 2719 1234 2808 negat
1253 2717 1291 2784 ut
1312 2711 1373 2808 qui

362 2840 561 2940 panegyrici
584 2862 701 2915 versus
724 2838 921 2929 lSl·l-89³‚
947 2840 1117 2916 flebilibus
1139 2843 1299 2938 precibus
1325 2867 1376 2920 re

453 3063 573 3121 177·178
588 3081 595 3116 :

540 3185 594 3234 Non
606 3196 652 3250 ego
664 3197 719 3234 snm
730 3183 790 3234 satis
804 3183 835 3233 ad
849 3185 924 3234 lantoe
935 3184 1058 3248 preconia
1068 3185 1159 3247 laudis,

541 3257 595 3320 lpse
613 3255 673 3306 milri
687 3269 735 3305 non
749 3255 770 3305 si
783 3255 925 3320 praescribat
935 3256 1044 3307 carmina
1055 3257 1169 3308 Plroebus.

452 3384 568 3443 197103
579 3401 591 3444 s

540 3507 599 3557 Sum
609 3506 788 3569 quodcumque,
800 3510 869 3556 tuum
888 3508 935 3558 est.
951 3506 1032 3558 bosni
1044 3506 1066 3557 si
1079 3508 1181 3570 paruula
1192 3523 1251 3560 cura

539 3579 573 3628 Sit
587 3578 641 3638 tibi,
655 3583 746 3640 quanta
760 3577 828 3639 libet,
843 3577 865 3627 si
881 3578 914 3628 sit
925 3578 1006 3644 rnotlo,
1023 3593 1072 3628 non
1084 3580 1145 3630 mihi
1162 3594 1239 3647 regna

541 3650 625 3714 Lydia,
639 3663 688 3698 non
697 3649 782 3714 magni
799 3648 879 3713 potior
890 3649 922 3701 sit
932 3650 998 3700 lama
1011 3651 1116 3719 Gylippi,

540 3719 614 3770 Posse
626 3721 744 3771 Meleteas
758 3735 805 3772 nec
816 3722 915 3772 mallem
923 3721 1021 3772 rincerc
1032 3723 1139 3775 chartas.

539 3791 607 3850 Quod
620 3790 664 3839 tibi
684 3792 705 3840 si
722 3805 864 3844 versus.....
879 3792 950 3857 (eto,
965 3793 1016 3844 rid.
1032 3808 1115 3858 snpra,
1128 3808 1153 3858 p.
1174 3791 1229 3863 32.)

396 3879 423 3932 1.
443 3875 586 3944 Boeotio,
603 3875 625 3944 l,
640 3875 718 3944 6-10,
731 3875 825 3946 ala-tu,
838 3877 931 3935 tto-ot.

395 3965 422 4020 2.
443 3965 521 4021 Holl.
537 3963 711 4033 lobrbttcb„
727 3965 807 4034 1831,
821 3974 842 4022 t.
859 3967 880 4022 1.
896 3967 975 4036 1009,
992 3985 1032 4042 sq.

396 4055 423 4112 3.
537 4058 662 4123 Langrrlda
675 4073 725 4108 non
738 4062 822 4109 nostor
836 4061 932 4125 peragit
945 4063 1015 4112 labor
1029 4061 1089 4121 otia,
1099 4062 1209 4126 wamiis

537 4130 651 4191 Fortuna,
666 4136 693 4180 ut
711 4145 764 4181 mos
776 4136 815 4182 est
824 4131 870 4195 illi,
881 4146 921 4183 ure
931 4135 1032 4183 adversa
1045 4133 1140 4199 fatiget.

536 4201 598 4251 Nam
612 4202 681 4267 milri,
698 4216 755 4252 cunr
768 4203 922 4269 magnis.,...
935 4201 1006 4270 leto„
1020 4205 1070 4256 rid.
1086 4220 1172 4271 supra,
1186 4220 1212 4272 p.
1223 4206 1310 4274 9-10.)
